<?xml version="1.0" encoding="UTF-8"?>
<!DOCTYPE html PUBLIC "-//W3C//DTD XHTML 1.0 Transitional//EN"
    "http://www.w3.org/TR/xhtml1/DTD/xhtml1-transitional.dtd">
<html xmlns="http://www.w3.org/1999/xhtml" xml:lang="en" lang="en">
 <head>
  <title>
</title>
<meta http-equiv="Content-Type" content="text/html;charset=utf-8" />
  <meta name='ocr-system' content='tesseract 3.04.00' />
  <meta name='ocr-capabilities' content='ocr_page ocr_carea ocr_par ocr_line ocrx_word'/>
</head>
<body>
  <div class='ocr_page' id='page_1' title='image "./depauperumcuraa01essegoog_0050.png"; bbox 0 0 3122 5130; ppageno 0'>
   <div class='ocr_carea' id='block_1_1' title="bbox 673 612 715 675">
    <p class='ocr_par' dir='ltr' id='par_1_1' title="bbox 673 612 715 675">
     <span class='ocr_line' id='line_1_1' title="bbox 673 612 715 675; baseline -0.167 0"><span class='ocrx_word' id='word_1_1' title='bbox 673 612 715 675; x_wconf 79' lang='grc'>20</span> 
     </span>
    </p>
   </div>
   <div class='ocr_carea' id='block_1_2' title="bbox 88 787 1275 3148">
    <p class='ocr_par' dir='ltr' id='par_1_2' title="bbox 88 787 1275 989">
     <span class='ocr_line' id='line_1_2' title="bbox 88 787 1275 879; baseline 0.005 -26"><span class='ocrx_word' id='word_1_2' title='bbox 88 793 203 873; x_wconf 85' lang='lat' dir='ltr'>gnato</span> <span class='ocrx_word' id='word_1_3' title='bbox 231 789 284 853; x_wconf 92' lang='lat' dir='ltr'>uti</span> <span class='ocrx_word' id='word_1_4' title='bbox 307 789 426 874; x_wconf 90' lang='lat' dir='ltr'>coepit.</span> <span class='ocrx_word' id='word_1_5' title='bbox 453 787 477 874; x_wconf 87' lang='lat'>¹)</span> <span class='ocrx_word' id='word_1_6' title='bbox 501 791 597 854; x_wconf 82' lang='lat' dir='ltr'>Tunc</span> <span class='ocrx_word' id='word_1_7' title='bbox 621 788 789 875; x_wconf 91' lang='lat' dir='ltr'>paulatim</span> <span class='ocrx_word' id='word_1_8' title='bbox 812 787 908 856; x_wconf 91' lang='lat' dir='ltr'>bellis</span> <span class='ocrx_word' id='word_1_9' title='bbox 928 792 997 858; x_wconf 88' lang='lat' dir='ltr'>suis</span> <span class='ocrx_word' id='word_1_10' title='bbox 1009 799 1120 858; x_wconf 86' lang='lat' dir='ltr'>tantas</span> <span class='ocrx_word' id='word_1_11' title='bbox 1132 793 1275 879; x_wconf 81' lang='lat' dir='ltr'>praedas</span> 
     </span>
     <span class='ocr_line' id='line_1_3' title="bbox 88 901 968 989; baseline 0.003 -23"><span class='ocrx_word' id='word_1_12' title='bbox 88 901 283 983; x_wconf 77' lang='lat' dir='ltr'>faciebant,</span> <span class='ocrx_word' id='word_1_13' title='bbox 309 907 348 966; x_wconf 92' lang='lat' dir='ltr'>ut</span> <span class='ocrx_word' id='word_1_14' title='bbox 371 901 456 967; x_wconf 89' lang='lat' dir='ltr'>bene</span> <span class='ocrx_word' id='word_1_15' title='bbox 480 903 651 967; x_wconf 90' lang='lat' dir='ltr'>nummati</span> <span class='ocrx_word' id='word_1_16' title='bbox 674 924 744 967; x_wconf 91' lang='lat' dir='ltr'>esse</span> <span class='ocrx_word' id='word_1_17' title='bbox 768 903 968 989; x_wconf 81' lang='lat' dir='ltr'>inciperent.</span> 
     </span>
    </p>

    <p class='ocr_par' dir='ltr' id='par_1_3' title="bbox 90 1015 1274 2556">
     <span class='ocr_line' id='line_1_4' title="bbox 137 1015 1271 1100; baseline 0.002 -20"><span class='ocrx_word' id='word_1_18' title='bbox 137 1015 236 1080; x_wconf 84' lang='lat' dir='ltr'>Cum</span> <span class='ocrx_word' id='word_1_19' title='bbox 259 1015 364 1099; x_wconf 84' lang='lat' dir='ltr'>igitur</span> <span class='ocrx_word' id='word_1_20' title='bbox 387 1015 533 1100; x_wconf 90' lang='lat' dir='ltr'>legimus</span> <span class='ocrx_word' id='word_1_21' title='bbox 557 1015 715 1082; x_wconf 85' lang='lat' dir='ltr'>Servium</span> <span class='ocrx_word' id='word_1_22' title='bbox 738 1015 893 1081; x_wconf 83' lang='lat' dir='ltr'>Tullium</span> <span class='ocrx_word' id='word_1_23' title='bbox 915 1017 952 1081; x_wconf 92' lang='lat' dir='ltr'>in</span> <span class='ocrx_word' id='word_1_24' title='bbox 975 1019 1138 1085; x_wconf 86' lang='lat' dir='ltr'>centuriis</span> <span class='ocrx_word' id='word_1_25' title='bbox 1161 1018 1271 1084; x_wconf 87' lang='lat' dir='ltr'>classi-</span> 
     </span>
     <span class='ocr_line' id='line_1_5' title="bbox 90 1127 1272 1216; baseline 0.005 -24"><span class='ocrx_word' id='word_1_26' title='bbox 90 1127 235 1214; x_wconf 90' lang='lat' dir='ltr'>busque</span> <span class='ocrx_word' id='word_1_27' title='bbox 261 1129 329 1193; x_wconf 90' lang='lat' dir='ltr'>suis</span> <span class='ocrx_word' id='word_1_28' title='bbox 352 1128 574 1194; x_wconf 89' lang='lat' dir='ltr'>discribendis</span> <span class='ocrx_word' id='word_1_29' title='bbox 597 1130 824 1216; x_wconf 88' lang='lat' dir='ltr'>pecuniarum</span> <span class='ocrx_word' id='word_1_30' title='bbox 837 1131 1006 1197; x_wconf 86' lang='lat' dir='ltr'>rationem</span> <span class='ocrx_word' id='word_1_31' title='bbox 1023 1140 1179 1198; x_wconf 91' lang='lat' dir='ltr'>secutum</span> <span class='ocrx_word' id='word_1_32' title='bbox 1191 1155 1272 1214; x_wconf 89' lang='lat' dir='ltr'>esse,</span> 
     </span>
     <span class='ocr_line' id='line_1_6' title="bbox 90 1241 1274 1332; baseline 0.004 -26"><span class='ocrx_word' id='word_1_33' title='bbox 90 1243 194 1306; x_wconf 90' lang='lat' dir='ltr'>haud</span> <span class='ocrx_word' id='word_1_34' title='bbox 232 1241 335 1311; x_wconf 89' lang='lat' dir='ltr'>dubie</span> <span class='ocrx_word' id='word_1_35' title='bbox 370 1242 497 1307; x_wconf 90' lang='lat' dir='ltr'>assium</span> <span class='ocrx_word' id='word_1_36' title='bbox 527 1243 672 1324; x_wconf 88' lang='lat' dir='ltr'>numeri,</span> <span class='ocrx_word' id='word_1_37' title='bbox 699 1264 783 1329; x_wconf 89' lang='lat' dir='ltr'>quos</span> <span class='ocrx_word' id='word_1_38' title='bbox 806 1244 990 1330; x_wconf 76' lang='lat' dir='ltr'>perhibent</span> <span class='ocrx_word' id='word_1_39' title='bbox 1014 1246 1203 1332; x_wconf 87' lang='lat' dir='ltr'>scriptores,</span> <span class='ocrx_word' id='word_1_40' title='bbox 1230 1247 1274 1312; x_wconf 92' lang='lat' dir='ltr'>ad</span> 
     </span>
     <span class='ocr_line' id='line_1_7' title="bbox 91 1355 1274 1443; baseline 0.004 -22"><span class='ocrx_word' id='word_1_41' title='bbox 91 1355 290 1441; x_wconf 83' lang='lat' dir='ltr'>posteriora</span> <span class='ocrx_word' id='word_1_42' title='bbox 322 1363 477 1443; x_wconf 89' lang='lat' dir='ltr'>tempora</span> <span class='ocrx_word' id='word_1_43' title='bbox 499 1357 667 1422; x_wconf 87' lang='lat' dir='ltr'>referendi</span> <span class='ocrx_word' id='word_1_44' title='bbox 690 1363 788 1422; x_wconf 90' lang='lat' dir='ltr'>sunt:</span> <span class='ocrx_word' id='word_1_45' title='bbox 816 1359 983 1443; x_wconf 92' lang='lat' dir='ltr'>quamdiu</span> <span class='ocrx_word' id='word_1_46' title='bbox 1008 1361 1161 1424; x_wconf 91' lang='lat' dir='ltr'>nummis</span> <span class='ocrx_word' id='word_1_47' title='bbox 1185 1382 1274 1426; x_wconf 89' lang='lat' dir='ltr'>care·</span> 
     </span>
     <span class='ocr_line' id='line_1_8' title="bbox 92 1468 1273 1559; baseline 0.005 -28"><span class='ocrx_word' id='word_1_48' title='bbox 92 1468 183 1533; x_wconf 90' lang='lat' dir='ltr'>bant</span> <span class='ocrx_word' id='word_1_49' title='bbox 220 1469 379 1550; x_wconf 86' lang='lat' dir='ltr'>Romani,</span> <span class='ocrx_word' id='word_1_50' title='bbox 415 1470 451 1534; x_wconf 94' lang='lat' dir='ltr'>in</span> <span class='ocrx_word' id='word_1_51' title='bbox 485 1469 619 1535; x_wconf 90' lang='lat' dir='ltr'>tabulas</span> <span class='ocrx_word' id='word_1_52' title='bbox 653 1469 799 1535; x_wconf 89' lang='lat' dir='ltr'>relatum</span> <span class='ocrx_word' id='word_1_53' title='bbox 836 1478 917 1553; x_wconf 90' lang='lat' dir='ltr'>erat,</span> <span class='ocrx_word' id='word_1_54' title='bbox 950 1479 1034 1559; x_wconf 90' lang='lat' dir='ltr'>quot</span> <span class='ocrx_word' id='word_1_55' title='bbox 1057 1474 1176 1558; x_wconf 89' lang='lat' dir='ltr'>iugera</span> <span class='ocrx_word' id='word_1_56' title='bbox 1200 1474 1273 1558; x_wconf 89' lang='lat' dir='ltr'>agri</span> 
     </span>
     <span class='ocr_line' id='line_1_9' title="bbox 93 1583 1273 1672; baseline 0.004 -26"><span class='ocrx_word' id='word_1_57' title='bbox 93 1583 228 1667; x_wconf 84' lang='lat' dir='ltr'>privati</span> <span class='ocrx_word' id='word_1_58' title='bbox 264 1583 407 1670; x_wconf 90' lang='lat' dir='ltr'>quisque</span> <span class='ocrx_word' id='word_1_59' title='bbox 441 1583 591 1649; x_wconf 89' lang='lat' dir='ltr'>haberet.</span> <span class='ocrx_word' id='word_1_60' title='bbox 638 1584 728 1662; x_wconf 79' lang='lat' dir='ltr'>Quia</span> <span class='ocrx_word' id='word_1_61' title='bbox 762 1590 879 1650; x_wconf 87' lang='lat' dir='ltr'>autem</span> <span class='ocrx_word' id='word_1_62' title='bbox 913 1587 1051 1672; x_wconf 89' lang='lat' dir='ltr'>saepius</span> <span class='ocrx_word' id='word_1_63' title='bbox 1086 1594 1273 1653; x_wconf 88' lang='lat' dir='ltr'>occurrunt</span> 
     </span>
     <span class='ocr_line' id='line_1_10' title="bbox 94 1695 1273 1787; baseline 0.006 -28"><span class='ocrx_word' id='word_1_64' title='bbox 94 1695 243 1760; x_wconf 85' lang='lat' dir='ltr'>heredia</span> <span class='ocrx_word' id='word_1_65' title='bbox 268 1695 416 1761; x_wconf 92' lang='lat' dir='ltr'>duorum</span> <span class='ocrx_word' id='word_1_66' title='bbox 439 1695 464 1783; x_wconf 67' lang='grc'>4)</span> <span class='ocrx_word' id='word_1_67' title='bbox 488 1697 648 1782; x_wconf 88' lang='lat' dir='ltr'>iugerum</span> <span class='ocrx_word' id='word_1_68' title='bbox 671 1718 733 1762; x_wconf 86' lang='lat' dir='ltr'>nec</span> <span class='ocrx_word' id='word_1_69' title='bbox 757 1703 873 1763; x_wconf 88' lang='lat' dir='ltr'>tamen</span> <span class='ocrx_word' id='word_1_70' title='bbox 898 1699 1041 1781; x_wconf 91' lang='lat' dir='ltr'>minora,</span> <span class='ocrx_word' id='word_1_71' title='bbox 1057 1702 1273 1787; x_wconf 90' lang='lat' dir='ltr'>suspicantur</span> 
     </span>
     <span class='ocr_line' id='line_1_11' title="bbox 94 1807 1272 1896; baseline 0.005 -22"><span class='ocrx_word' id='word_1_72' title='bbox 94 1809 163 1874; x_wconf 83' lang='lat' dir='ltr'>riri</span> <span class='ocrx_word' id='word_1_73' title='bbox 189 1809 282 1874; x_wconf 86' lang='lat' dir='ltr'>docti</span> <span class='ocrx_word' id='word_1_74' title='bbox 305 1807 331 1895; x_wconf 78' lang='grc'>3)</span> <span class='ocrx_word' id='word_1_75' title='bbox 352 1831 417 1890; x_wconf 85' lang='lat' dir='ltr'>eos,</span> <span class='ocrx_word' id='word_1_76' title='bbox 432 1811 491 1896; x_wconf 91' lang='lat' dir='ltr'>qui</span> <span class='ocrx_word' id='word_1_77' title='bbox 508 1811 694 1875; x_wconf 90' lang='lat' dir='ltr'>minimum</span> <span class='ocrx_word' id='word_1_78' title='bbox 706 1810 788 1876; x_wconf 90' lang='lat' dir='ltr'>bina</span> <span class='ocrx_word' id='word_1_79' title='bbox 800 1812 920 1896; x_wconf 91' lang='lat' dir='ltr'>iugera</span> <span class='ocrx_word' id='word_1_80' title='bbox 933 1813 1109 1894; x_wconf 86' lang='lat' dir='ltr'>haberent,</span> <span class='ocrx_word' id='word_1_81' title='bbox 1123 1815 1272 1880; x_wconf 87' lang='lat' dir='ltr'>effecisse</span> 
     </span>
     <span class='ocr_line' id='line_1_12' title="bbox 94 1922 1272 2015; baseline 0.006 -29"><span class='ocrx_word' id='word_1_82' title='bbox 94 1923 260 2008; x_wconf 88' lang='lat' dir='ltr'>quintam</span> <span class='ocrx_word' id='word_1_83' title='bbox 283 1922 433 2005; x_wconf 83' lang='lat' dir='ltr'>classem,</span> <span class='ocrx_word' id='word_1_84' title='bbox 459 1925 519 2009; x_wconf 93' lang='lat' dir='ltr'>qui</span> <span class='ocrx_word' id='word_1_85' title='bbox 543 1925 648 2011; x_wconf 90' lang='lat' dir='ltr'>quina</span> <span class='ocrx_word' id='word_1_86' title='bbox 672 1931 841 2011; x_wconf 91' lang='lat' dir='ltr'>quartam,</span> <span class='ocrx_word' id='word_1_87' title='bbox 868 1927 928 2012; x_wconf 93' lang='lat' dir='ltr'>qui</span> <span class='ocrx_word' id='word_1_88' title='bbox 948 1927 1036 1992; x_wconf 90' lang='lat' dir='ltr'>dena</span> <span class='ocrx_word' id='word_1_89' title='bbox 1049 1928 1197 2009; x_wconf 86' lang='lat' dir='ltr'>tertiam,</span> <span class='ocrx_word' id='word_1_90' title='bbox 1212 1929 1272 2015; x_wconf 92' lang='lat' dir='ltr'>qui</span> 
     </span>
     <span class='ocr_line' id='line_1_13' title="bbox 94 2036 1271 2128; baseline 0.005 -28"><span class='ocrx_word' id='word_1_91' title='bbox 94 2036 208 2121; x_wconf 91' lang='lat' dir='ltr'>quina</span> <span class='ocrx_word' id='word_1_92' title='bbox 233 2037 322 2102; x_wconf 90' lang='lat' dir='ltr'>dena</span> <span class='ocrx_word' id='word_1_93' title='bbox 345 2038 540 2118; x_wconf 85' lang='lat' dir='ltr'>secundam,</span> <span class='ocrx_word' id='word_1_94' title='bbox 566 2039 626 2124; x_wconf 91' lang='lat' dir='ltr'>qui</span> <span class='ocrx_word' id='word_1_95' title='bbox 649 2039 769 2104; x_wconf 88' lang='lat' dir='ltr'>vicena</span> <span class='ocrx_word' id='word_1_96' title='bbox 793 2039 951 2125; x_wconf 91' lang='lat' dir='ltr'>primam.</span> <span class='ocrx_word' id='word_1_97' title='bbox 999 2039 1126 2106; x_wconf 87' lang='lat' dir='ltr'>Omnes</span> <span class='ocrx_word' id='word_1_98' title='bbox 1151 2042 1271 2128; x_wconf 90' lang='lat' dir='ltr'>quiin</span> 
     </span>
     <span class='ocr_line' id='line_1_14' title="bbox 95 2149 1270 2247; baseline 0.004 -33"><span class='ocrx_word' id='word_1_99' title='bbox 95 2149 224 2216; x_wconf 79' lang='lat' dir='ltr'>classes</span> <span class='ocrx_word' id='word_1_100' title='bbox 259 2149 439 2216; x_wconf 83' lang='lat' dir='ltr'>Servianas</span> <span class='ocrx_word' id='word_1_101' title='bbox 474 2150 570 2216; x_wconf 88' lang='lat' dir='ltr'>relati</span> <span class='ocrx_word' id='word_1_102' title='bbox 606 2158 711 2233; x_wconf 89' lang='lat' dir='ltr'>erant,</span> <span class='ocrx_word' id='word_1_103' title='bbox 747 2153 886 2219; x_wconf 90' lang='lat' dir='ltr'>nomine</span> <span class='ocrx_word' id='word_1_104' title='bbox 918 2153 1142 2247; x_wconf 81' lang='lat' dir='ltr'>locupletium</span> <span class='ocrx_word' id='word_1_105' title='bbox 1166 2155 1191 2242; x_wconf 85' lang='lat'>⁴)</span> <span class='ocrx_word' id='word_1_106' title='bbox 1215 2155 1270 2222; x_wconf 90' lang='lat' dir='ltr'>vel</span> 
     </span>
     <span class='ocr_line' id='line_1_15' title="bbox 96 2265 1270 2357; baseline 0.006 -29"><span class='ocrx_word' id='word_1_107' title='bbox 96 2265 318 2328; x_wconf 86' lang='lat' dir='ltr'>assiduorum</span> <span class='ocrx_word' id='word_1_108' title='bbox 352 2265 598 2350; x_wconf 88' lang='lat' dir='ltr'>comprehendi</span> <span class='ocrx_word' id='word_1_109' title='bbox 632 2273 793 2352; x_wconf 89' lang='lat' dir='ltr'>possunt:</span> <span class='ocrx_word' id='word_1_110' title='bbox 831 2268 891 2353; x_wconf 90' lang='lat' dir='ltr'>qui</span> <span class='ocrx_word' id='word_1_111' title='bbox 924 2275 1041 2334; x_wconf 92' lang='lat' dir='ltr'>autem</span> <span class='ocrx_word' id='word_1_112' title='bbox 1075 2291 1117 2334; x_wconf 89' lang='lat' dir='ltr'>ne</span> <span class='ocrx_word' id='word_1_113' title='bbox 1153 2269 1221 2335; x_wconf 93' lang='lat' dir='ltr'>duo</span> <span class='ocrx_word' id='word_1_114' title='bbox 1246 2269 1270 2357; x_wconf 72' lang='grc'>5)</span> 
     </span>
     <span class='ocr_line' id='line_1_16' title="bbox 96 2377 1270 2470; baseline 0.007 -30"><span class='ocrx_word' id='word_1_115' title='bbox 96 2377 244 2462; x_wconf 90' lang='lat' dir='ltr'>quidem</span> <span class='ocrx_word' id='word_1_116' title='bbox 279 2377 398 2462; x_wconf 86' lang='lat' dir='ltr'>iugera</span> <span class='ocrx_word' id='word_1_117' title='bbox 432 2378 613 2460; x_wconf 88' lang='lat' dir='ltr'>habebant,</span> <span class='ocrx_word' id='word_1_118' title='bbox 644 2380 906 2466; x_wconf 88' lang='lat' dir='ltr'>appellabantur</span> <span class='ocrx_word' id='word_1_119' title='bbox 929 2382 1102 2469; x_wconf 88' lang='lat' dir='ltr'>proletarii</span> <span class='ocrx_word' id='word_1_120' title='bbox 1126 2390 1159 2448; x_wconf 88' lang='lat' dir='ltr'>et</span> <span class='ocrx_word' id='word_1_121' title='bbox 1182 2384 1270 2470; x_wconf 88' lang='lat' dir='ltr'>capi·</span> 
     </span>
     <span class='ocr_line' id='line_1_17' title="bbox 98 2491 1240 2556; baseline 0.007 -2"><span class='ocrx_word' id='word_1_122' title='bbox 98 2497 130 2555; x_wconf 89' lang='lat' dir='ltr'>te</span> <span class='ocrx_word' id='word_1_123' title='bbox 156 2491 262 2556; x_wconf 91' lang='lat' dir='ltr'>censi.</span> <span class='ocrx_word' id='word_1_124' title='bbox 1238 2501 1240 2504; x_wconf 77' lang='grc'><strong>’</strong></span> 
     </span>
    </p>

    <p class='ocr_par' dir='ltr' id='par_1_4' title="bbox 95 2605 1271 3148">
     <span class='ocr_line' id='line_1_18' title="bbox 145 2605 1270 2698; baseline 0.007 -28"><span class='ocrx_word' id='word_1_125' title='bbox 145 2605 329 2683; x_wconf 78' lang='lat' dir='ltr'>Quaedam</span> <span class='ocrx_word' id='word_1_126' title='bbox 362 2607 490 2672; x_wconf 89' lang='lat' dir='ltr'>indicia</span> <span class='ocrx_word' id='word_1_127' title='bbox 513 2614 593 2671; x_wconf 90' lang='lat' dir='ltr'>sunt</span> <span class='ocrx_word' id='word_1_128' title='bbox 616 2630 651 2673; x_wconf 90' lang='lat' dir='ltr'>re</span> <span class='ocrx_word' id='word_1_129' title='bbox 674 2608 711 2672; x_wconf 92' lang='lat' dir='ltr'>in</span> <span class='ocrx_word' id='word_1_130' title='bbox 734 2609 895 2675; x_wconf 87' lang='lat' dir='ltr'>universa</span> <span class='ocrx_word' id='word_1_131' title='bbox 919 2611 1130 2677; x_wconf 86' lang='lat' dir='ltr'>considerata</span> <span class='ocrx_word' id='word_1_132' title='bbox 1153 2613 1270 2698; x_wconf 86' lang='lat' dir='ltr'>priscis</span> 
     </span>
     <span class='ocr_line' id='line_1_19' title="bbox 97 2718 1268 2811; baseline 0.009 -29"><span class='ocrx_word' id='word_1_133' title='bbox 97 2718 315 2805; x_wconf 85' lang='lat' dir='ltr'>temporibus</span> <span class='ocrx_word' id='word_1_134' title='bbox 337 2720 573 2786; x_wconf 85' lang='lat' dir='ltr'>Romanorum</span> <span class='ocrx_word' id='word_1_135' title='bbox 597 2721 750 2786; x_wconf 85' lang='lat' dir='ltr'>fortunas</span> <span class='ocrx_word' id='word_1_136' title='bbox 773 2722 961 2789; x_wconf 89' lang='lat' dir='ltr'>admodum</span> <span class='ocrx_word' id='word_1_137' title='bbox 985 2725 1144 2811; x_wconf 89' lang='lat' dir='ltr'>aequales</span> <span class='ocrx_word' id='word_1_138' title='bbox 1156 2726 1268 2792; x_wconf 88' lang='lat' dir='ltr'>fuisse.</span> 
     </span>
     <span class='ocr_line' id='line_1_20' title="bbox 97 2831 1270 2926; baseline 0.009 -31"><span class='ocrx_word' id='word_1_139' title='bbox 97 2831 149 2896; x_wconf 92' lang='lat' dir='ltr'>De</span> <span class='ocrx_word' id='word_1_140' title='bbox 187 2832 305 2918; x_wconf 91' lang='lat' dir='ltr'>inopia</span> <span class='ocrx_word' id='word_1_141' title='bbox 339 2833 387 2898; x_wconf 91' lang='lat' dir='ltr'>rei</span> <span class='ocrx_word' id='word_1_142' title='bbox 410 2835 624 2900; x_wconf 88' lang='lat' dir='ltr'>nummariae</span> <span class='ocrx_word' id='word_1_143' title='bbox 649 2842 682 2899; x_wconf 91' lang='lat' dir='ltr'>et</span> <span class='ocrx_word' id='word_1_144' title='bbox 706 2836 747 2900; x_wconf 93' lang='lat' dir='ltr'>de</span> <span class='ocrx_word' id='word_1_145' title='bbox 772 2843 884 2902; x_wconf 84' lang='lat' dir='ltr'>vetere</span> <span class='ocrx_word' id='word_1_146' title='bbox 910 2839 1084 2918; x_wconf 89' lang='lat' dir='ltr'>memoria,</span> <span class='ocrx_word' id='word_1_147' title='bbox 1110 2861 1179 2926; x_wconf 90' lang='lat' dir='ltr'>qua</span> <span class='ocrx_word' id='word_1_148' title='bbox 1204 2841 1270 2906; x_wconf 85' lang='lat' dir='ltr'>Ro·</span> 
     </span>
     <span class='ocr_line' id='line_1_21' title="bbox 98 2944 1268 3032; baseline 0.01 -25"><span class='ocrx_word' id='word_1_149' title='bbox 98 2944 218 3010; x_wconf 90' lang='lat' dir='ltr'>mulus</span> <span class='ocrx_word' id='word_1_150' title='bbox 252 2947 405 3032; x_wconf 90' lang='lat' dir='ltr'>primum</span> <span class='ocrx_word' id='word_1_151' title='bbox 439 2947 521 3013; x_wconf 90' lang='lat' dir='ltr'>bina</span> <span class='ocrx_word' id='word_1_152' title='bbox 543 2949 662 3032; x_wconf 87' lang='lat' dir='ltr'>iugera</span> <span class='ocrx_word' id='word_1_153' title='bbox 684 2949 815 3015; x_wconf 91' lang='lat' dir='ltr'>viritim</span> <span class='ocrx_word' id='word_1_154' title='bbox 839 2950 992 3017; x_wconf 83' lang='lat' dir='ltr'>diviserit</span> <span class='ocrx_word' id='word_1_155' title='bbox 1015 2952 1085 3017; x_wconf 89' lang='lat' dir='ltr'>iam</span> <span class='ocrx_word' id='word_1_156' title='bbox 1109 2953 1268 3020; x_wconf 88' lang='lat' dir='ltr'>diximus.</span> 
     </span>
     <span class='ocr_line' id='line_1_22' title="bbox 95 3059 1271 3148; baseline 0.009 -26"><span class='ocrx_word' id='word_1_157' title='bbox 95 3059 235 3143; x_wconf 77' lang='lat' dir='ltr'>Singuli</span> <span class='ocrx_word' id='word_1_158' title='bbox 258 3059 363 3144; x_wconf 88' lang='lat' dir='ltr'>igitur</span> <span class='ocrx_word' id='word_1_159' title='bbox 386 3061 483 3127; x_wconf 90' lang='lat' dir='ltr'>initio</span> <span class='ocrx_word' id='word_1_160' title='bbox 508 3061 666 3148; x_wconf 90' lang='lat' dir='ltr'>aequales</span> <span class='ocrx_word' id='word_1_161' title='bbox 691 3069 796 3128; x_wconf 84' lang='lat' dir='ltr'>sortes</span> <span class='ocrx_word' id='word_1_162' title='bbox 819 3063 1001 3130; x_wconf 86' lang='lat' dir='ltr'>habebant.</span> <span class='ocrx_word' id='word_1_163' title='bbox 1038 3066 1108 3133; x_wconf 85' lang='lat' dir='ltr'>Vix</span> <span class='ocrx_word' id='word_1_164' title='bbox 1121 3066 1271 3132; x_wconf 92' lang='lat' dir='ltr'>dubitari</span> 
     </span>
    </p>
   </div>
   <div class='ocr_carea' id='block_1_3' title="bbox 98 3201 293 3214">
    <p class='ocr_par' dir='ltr' id='par_1_5' title="bbox 98 3201 293 3214">
     <span class='ocr_line' id='line_1_23' title="bbox 98 3201 293 3214; baseline 0.01 -2"><span class='ocrx_word' id='word_1_165' title='bbox 98 3201 293 3214; x_wconf 79' lang='lat'>——</span> 
     </span>
    </p>
   </div>
   <div class='ocr_carea' id='block_1_4' title="bbox 129 3270 304 3332">
    <p class='ocr_par' dir='ltr' id='par_1_6' title="bbox 129 3270 304 3332">
     <span class='ocr_line' id='line_1_24' title="bbox 129 3270 304 3332; baseline 0.017 -15"><span class='ocrx_word' id='word_1_166' title='bbox 129 3270 147 3332; x_wconf 85' lang='grc'>1)</span> <span class='ocrx_word' id='word_1_167' title='bbox 166 3271 232 3319; x_wconf 79' lang='lat' dir='ltr'>Pan.</span> <span class='ocrx_word' id='word_1_168' title='bbox 252 3270 268 3320; x_wconf 84' lang='lat' dir='ltr'>r.</span> <span class='ocrx_word' id='word_1_169' title='bbox 287 3271 304 3320; x_wconf 87' lang='lat'>1.</span> 
     </span>
    </p>
   </div>
   <div class='ocr_carea' id='block_1_5' title="bbox 94 3362 1270 4008">
    <p class='ocr_par' dir='ltr' id='par_1_7' title="bbox 94 3362 1270 3514">
     <span class='ocr_line' id='line_1_25' title="bbox 126 3362 1270 3431; baseline 0.009 -21"><span class='ocrx_word' id='word_1_170' title='bbox 126 3362 283 3422; x_wconf 71' lang='lat' dir='ltr'>²)·Momms.</span> <span class='ocrx_word' id='word_1_171' title='bbox 304 3365 358 3412; x_wconf 81' lang='lat' dir='ltr'>Sta.</span> <span class='ocrx_word' id='word_1_172' title='bbox 377 3365 414 3412; x_wconf 92' lang='lat' dir='ltr'>III</span> <span class='ocrx_word' id='word_1_173' title='bbox 440 3381 490 3429; x_wconf 87' lang='lat' dir='ltr'>pag.</span> <span class='ocrx_word' id='word_1_174' title='bbox 518 3365 565 3418; x_wconf 83' lang='grc'>247</span> <span class='ocrx_word' id='word_1_175' title='bbox 584 3383 663 3430; x_wconf 82' lang='lat' dir='ltr'>seqq.;</span> <span class='ocrx_word' id='word_1_176' title='bbox 690 3367 791 3416; x_wconf 86' lang='lat' dir='ltr'>Schillcr</span> <span class='ocrx_word' id='word_1_177' title='bbox 817 3367 842 3416; x_wconf 89' lang='lat' dir='ltr'>in</span> <span class='ocrx_word' id='word_1_178' title='bbox 872 3369 912 3416; x_wconf 81' lang='lat' dir='ltr'>Iu.</span> <span class='ocrx_word' id='word_1_179' title='bbox 940 3386 961 3417; x_wconf 90' lang='lat' dir='ltr'>v.</span> <span class='ocrx_word' id='word_1_180' title='bbox 990 3369 1045 3418; x_wconf 83' lang='lat' dir='ltr'>M.’s</span> <span class='ocrx_word' id='word_1_181' title='bbox 1063 3369 1156 3420; x_wconf 87' lang='lat' dir='ltr'>Handb.</span> <span class='ocrx_word' id='word_1_182' title='bbox 1177 3371 1217 3430; x_wconf 92' lang='lat' dir='ltr'>IV,</span> <span class='ocrx_word' id='word_1_183' title='bbox 1236 3371 1270 3431; x_wconf 80' lang='lat'>2²,</span> 
     </span>
     <span class='ocr_line' id='line_1_26' title="bbox 94 3445 811 3514; baseline 0.008 -22"><span class='ocrx_word' id='word_1_184' title='bbox 94 3461 146 3509; x_wconf 89' lang='lat' dir='ltr'>pag.</span> <span class='ocrx_word' id='word_1_185' title='bbox 174 3445 223 3493; x_wconf 87' lang='lat'>144</span> <span class='ocrx_word' id='word_1_186' title='bbox 242 3463 321 3510; x_wconf 83' lang='lat' dir='ltr'>seqq.;</span> <span class='ocrx_word' id='word_1_187' title='bbox 339 3447 416 3511; x_wconf 80' lang='lat' dir='ltr'>Lange</span> <span class='ocrx_word' id='word_1_188' title='bbox 433 3448 501 3496; x_wconf 75' lang='lat' dir='ltr'>Ram.</span> <span class='ocrx_word' id='word_1_189' title='bbox 519 3448 568 3497; x_wconf 79' lang='lat' dir='ltr'>aa.</span> <span class='ocrx_word' id='word_1_190' title='bbox 587 3448 608 3495; x_wconf 85' lang='lat'>1³</span> <span class='ocrx_word' id='word_1_191' title='bbox 628 3465 679 3513; x_wconf 86' lang='lat' dir='ltr'>pag.</span> <span class='ocrx_word' id='word_1_192' title='bbox 698 3450 744 3496; x_wconf 85' lang='lat'>491</span> <span class='ocrx_word' id='word_1_193' title='bbox 765 3467 811 3514; x_wconf 84' lang='lat' dir='ltr'>seq.</span> 
     </span>
    </p>

    <p class='ocr_par' dir='ltr' id='par_1_8' title="bbox 95 3527 1270 3769">
     <span class='ocr_line' id='line_1_27' title="bbox 129 3527 1270 3597; baseline 0.011 -22"><span class='ocrx_word' id='word_1_194' title='bbox 129 3527 149 3588; x_wconf 80' lang='lat'>³)</span> <span class='ocrx_word' id='word_1_195' title='bbox 169 3529 208 3576; x_wconf 87' lang='lat' dir='ltr'>Sic</span> <span class='ocrx_word' id='word_1_196' title='bbox 223 3528 323 3592; x_wconf 84' lang='lat' dir='ltr'>legimus</span> <span class='ocrx_word' id='word_1_197' title='bbox 333 3529 461 3579; x_wconf 84' lang='lat' dir='ltr'>Roraulum</span> <span class='ocrx_word' id='word_1_198' title='bbox 471 3531 575 3593; x_wconf 89' lang='lat' dir='ltr'>primum</span> <span class='ocrx_word' id='word_1_199' title='bbox 584 3531 693 3579; x_wconf 85' lang='lat' dir='ltr'>divisisse</span> <span class='ocrx_word' id='word_1_200' title='bbox 702 3532 793 3581; x_wconf 88' lang='lat' dir='ltr'>viritim</span> <span class='ocrx_word' id='word_1_201' title='bbox 802 3532 858 3580; x_wconf 85' lang='lat' dir='ltr'>bina</span> <span class='ocrx_word' id='word_1_202' title='bbox 867 3533 951 3597; x_wconf 82' lang='lat' dir='ltr'>iugera.</span> <span class='ocrx_word' id='word_1_203' title='bbox 962 3534 1034 3584; x_wconf 86' lang='lat' dir='ltr'>Varro</span> <span class='ocrx_word' id='word_1_204' title='bbox 1043 3536 1071 3584; x_wconf 87' lang='lat' dir='ltr'>R.</span> <span class='ocrx_word' id='word_1_205' title='bbox 1081 3537 1109 3585; x_wconf 84' lang='lat' dir='ltr'>a.</span> <span class='ocrx_word' id='word_1_206' title='bbox 1119 3537 1138 3594; x_wconf 94' lang='lat' dir='ltr'>I,</span> <span class='ocrx_word' id='word_1_207' title='bbox 1149 3537 1180 3585; x_wconf 89' lang='lat'>10</span> <span class='ocrx_word' id='word_1_208' title='bbox 1186 3557 1192 3594; x_wconf 89' lang='lat'>;</span> <span class='ocrx_word' id='word_1_209' title='bbox 1202 3537 1270 3588; x_wconf 86' lang='lat' dir='ltr'>Paul.</span> 
     </span>
     <span class='ocr_line' id='line_1_28' title="bbox 95 3611 1268 3686; baseline 0.012 -28"><span class='ocrx_word' id='word_1_210' title='bbox 95 3611 163 3660; x_wconf 84' lang='lat' dir='ltr'>Diae.</span> <span class='ocrx_word' id='word_1_211' title='bbox 174 3628 227 3676; x_wconf 88' lang='lat' dir='ltr'>pag.</span> <span class='ocrx_word' id='word_1_212' title='bbox 238 3612 269 3659; x_wconf 82' lang='lat'>53</span> <span class='ocrx_word' id='word_1_213' title='bbox 279 3612 386 3674; x_wconf 75' lang='lat' dir='ltr'>(Miller)</span> <span class='ocrx_word' id='word_1_214' title='bbox 397 3634 403 3670; x_wconf 89' lang='lat'>;</span> <span class='ocrx_word' id='word_1_215' title='bbox 413 3613 476 3661; x_wconf 79' lang='lat' dir='ltr'>Plio.</span> <span class='ocrx_word' id='word_1_216' title='bbox 491 3613 521 3660; x_wconf 94' lang='lat' dir='ltr'>N.</span> <span class='ocrx_word' id='word_1_217' title='bbox 532 3613 563 3660; x_wconf 88' lang='lat' dir='ltr'>H.</span> <span class='ocrx_word' id='word_1_218' title='bbox 574 3613 662 3672; x_wconf 82' lang='lat' dir='ltr'>XVIII,</span> <span class='ocrx_word' id='word_1_219' title='bbox 674 3614 695 3672; x_wconf 84' lang='lat'>2,</span> <span class='ocrx_word' id='word_1_220' title='bbox 706 3614 720 3667; x_wconf 82' lang='grc'>7</span> <span class='ocrx_word' id='word_1_221' title='bbox 724 3654 728 3662; x_wconf 95' lang='grc'><em>.</em></span> <span class='ocrx_word' id='word_1_222' title='bbox 742 3614 825 3663; x_wconf 88' lang='lat' dir='ltr'>Plures</span> <span class='ocrx_word' id='word_1_223' title='bbox 835 3615 897 3664; x_wconf 89' lang='lat' dir='ltr'>locos</span> <span class='ocrx_word' id='word_1_224' title='bbox 906 3617 960 3664; x_wconf 88' lang='lat' dir='ltr'>vide</span> <span class='ocrx_word' id='word_1_225' title='bbox 969 3612 1030 3682; x_wconf 83' lang='lat' dir='ltr'>apud</span> <span class='ocrx_word' id='word_1_226' title='bbox 1039 3619 1150 3668; x_wconf 89' lang='lat' dir='ltr'>Momms.</span> <span class='ocrx_word' id='word_1_227' title='bbox 1162 3619 1179 3668; x_wconf 93' lang='lat' dir='ltr'>l.</span> <span class='ocrx_word' id='word_1_228' title='bbox 1189 3620 1206 3669; x_wconf 96' lang='lat' dir='ltr'>l.</span> <span class='ocrx_word' id='word_1_229' title='bbox 1216 3639 1268 3686; x_wconf 90' lang='lat' dir='ltr'>pag.</span> 
     </span>
     <span class='ocr_line' id='line_1_29' title="bbox 98 3695 1268 3769; baseline 0.01 -27"><span class='ocrx_word' id='word_1_230' title='bbox 98 3695 129 3743; x_wconf 85' lang='grc'>23</span> <span class='ocrx_word' id='word_1_231' title='bbox 147 3696 203 3744; x_wconf 87' lang='lat' dir='ltr'>adn.</span> <span class='ocrx_word' id='word_1_232' title='bbox 223 3695 253 3752; x_wconf 86' lang='lat'>3;</span> <span class='ocrx_word' id='word_1_233' title='bbox 269 3695 344 3759; x_wconf 87' lang='lat' dir='ltr'>Marq.</span> <span class='ocrx_word' id='word_1_234' title='bbox 363 3697 416 3744; x_wconf 88' lang='lat' dir='ltr'>StV.</span> <span class='ocrx_word' id='word_1_235' title='bbox 435 3697 457 3743; x_wconf 80' lang='lat'>1²</span> <span class='ocrx_word' id='word_1_236' title='bbox 475 3713 525 3760; x_wconf 84' lang='lat' dir='ltr'>pag.</span> <span class='ocrx_word' id='word_1_237' title='bbox 545 3696 575 3744; x_wconf 88' lang='lat'>98</span> <span class='ocrx_word' id='word_1_238' title='bbox 593 3697 646 3745; x_wconf 89' lang='lat' dir='ltr'>adn.</span> <span class='ocrx_word' id='word_1_239' title='bbox 658 3699 670 3744; x_wconf 97' lang='lat' dir='ltr'>l</span> <span class='ocrx_word' id='word_1_240' title='bbox 683 3717 688 3754; x_wconf 91' lang='lat'>;</span> <span class='ocrx_word' id='word_1_241' title='bbox 701 3698 764 3746; x_wconf 83' lang='lat' dir='ltr'>John</span> <span class='ocrx_word' id='word_1_242' title='bbox 773 3699 801 3746; x_wconf 82' lang='lat' dir='ltr'>E.</span> <span class='ocrx_word' id='word_1_243' title='bbox 811 3699 838 3747; x_wconf 93' lang='lat' dir='ltr'>B.</span> <span class='ocrx_word' id='word_1_244' title='bbox 854 3699 937 3763; x_wconf 85' lang='lat' dir='ltr'>Mayor</span> <span class='ocrx_word' id='word_1_245' title='bbox 945 3700 974 3749; x_wconf 88' lang='lat' dir='ltr'>ad</span> <span class='ocrx_word' id='word_1_246' title='bbox 983 3701 1064 3750; x_wconf 83' lang='lat' dir='ltr'>Iuven.</span> <span class='ocrx_word' id='word_1_247' title='bbox 1074 3703 1137 3761; x_wconf 88' lang='lat' dir='ltr'>XIV,</span> <span class='ocrx_word' id='word_1_248' title='bbox 1148 3703 1194 3751; x_wconf 89' lang='grc'>161</span> <span class='ocrx_word' id='word_1_249' title='bbox 1205 3721 1268 3769; x_wconf 82' lang='lat' dir='ltr'>seqq.</span> 
     </span>
    </p>

    <p class='ocr_par' dir='ltr' id='par_1_9' title="bbox 99 3779 1267 4008">
     <span class='ocr_line' id='line_1_30' title="bbox 133 3779 1267 3843; baseline 0.008 -17"><span class='ocrx_word' id='word_1_250' title='bbox 133 3780 153 3840; x_wconf 71' lang='grc'>4)</span> <span class='ocrx_word' id='word_1_251' title='bbox 183 3779 287 3827; x_wconf 88' lang='lat' dir='ltr'>Momms</span> <span class='ocrx_word' id='word_1_252' title='bbox 314 3779 330 3828; x_wconf 95' lang='lat' dir='ltr'>l.</span> <span class='ocrx_word' id='word_1_253' title='bbox 349 3779 382 3836; x_wconf 87' lang='lat' dir='ltr'>l.;</span> <span class='ocrx_word' id='word_1_254' title='bbox 409 3780 487 3843; x_wconf 87' lang='lat' dir='ltr'>Lange</span> <span class='ocrx_word' id='word_1_255' title='bbox 513 3779 529 3827; x_wconf 93' lang='lat' dir='ltr'>l.</span> <span class='ocrx_word' id='word_1_256' title='bbox 547 3779 580 3837; x_wconf 82' lang='lat' dir='ltr'>l.;</span> <span class='ocrx_word' id='word_1_257' title='bbox 599 3780 746 3829; x_wconf 89' lang='lat' dir='ltr'>Hildebraud</span> <span class='ocrx_word' id='word_1_258' title='bbox 763 3782 789 3830; x_wconf 89' lang='lat' dir='ltr'>in</span> <span class='ocrx_word' id='word_1_259' title='bbox 806 3782 886 3830; x_wconf 83' lang='lat' dir='ltr'>Jahrb.</span> <span class='ocrx_word' id='word_1_260' title='bbox 905 3784 921 3831; x_wconf 89' lang='lat' dir='ltr'>I.</span> <span class='ocrx_word' id='word_1_261' title='bbox 940 3783 1119 3833; x_wconf 81' lang='lat' dir='ltr'>Nationaltkon.</span> <span class='ocrx_word' id='word_1_262' title='bbox 1138 3801 1161 3834; x_wconf 90' lang='lat' dir='ltr'>u.</span> <span class='ocrx_word' id='word_1_263' title='bbox 1179 3786 1267 3836; x_wconf 87' lang='lat' dir='ltr'>Statist.</span> 
     </span>
     <span class='ocr_line' id='line_1_31' title="bbox 99 3861 1267 3931; baseline 0.009 -23"><span class='ocrx_word' id='word_1_264' title='bbox 99 3861 146 3909; x_wconf 85' lang='lat' dir='ltr'>XII</span> <span class='ocrx_word' id='word_1_265' title='bbox 165 3861 261 3923; x_wconf 81' lang='grc'>(1860),</span> <span class='ocrx_word' id='word_1_266' title='bbox 278 3879 329 3926; x_wconf 81' lang='lat' dir='ltr'>pag.</span> <span class='ocrx_word' id='word_1_267' title='bbox 349 3863 412 3920; x_wconf 82' lang='grc'>141;</span> <span class='ocrx_word' id='word_1_268' title='bbox 432 3863 501 3926; x_wconf 85' lang='lat' dir='ltr'>Voigt</span> <span class='ocrx_word' id='word_1_269' title='bbox 518 3863 564 3912; x_wconf 88' lang='lat' dir='ltr'>XII</span> <span class='ocrx_word' id='word_1_270' title='bbox 582 3863 631 3912; x_wconf 83' lang='lat' dir='ltr'>Taf.</span> <span class='ocrx_word' id='word_1_271' title='bbox 649 3881 701 3928; x_wconf 85' lang='lat' dir='ltr'>pag.</span> <span class='ocrx_word' id='word_1_272' title='bbox 712 3865 759 3921; x_wconf 82' lang='grc'>20;</span> <span class='ocrx_word' id='word_1_273' title='bbox 779 3865 844 3912; x_wconf 85' lang='lat' dir='ltr'>Idem</span> <span class='ocrx_word' id='word_1_274' title='bbox 862 3866 887 3912; x_wconf 85' lang='lat' dir='ltr'>ln</span> <span class='ocrx_word' id='word_1_275' title='bbox 905 3866 946 3914; x_wconf 86' lang='lat' dir='ltr'>Iw.</span> <span class='ocrx_word' id='word_1_276' title='bbox 964 3883 986 3914; x_wconf 79' lang='lat' dir='ltr'>v.</span> <span class='ocrx_word' id='word_1_277' title='bbox 1005 3866 1060 3915; x_wconf 85' lang='lat' dir='ltr'>M.&#39;s</span> <span class='ocrx_word' id='word_1_278' title='bbox 1078 3867 1172 3917; x_wconf 87' lang='lat' dir='ltr'>Handb.</span> <span class='ocrx_word' id='word_1_279' title='bbox 1182 3870 1222 3928; x_wconf 93' lang='lat' dir='ltr'>IV,</span> <span class='ocrx_word' id='word_1_280' title='bbox 1233 3871 1267 3931; x_wconf 75' lang='lat'>2²,</span> 
     </span>
     <span class='ocr_line' id='line_1_32' title="bbox 100 3944 419 4008; baseline 0.009 -17"><span class='ocrx_word' id='word_1_281' title='bbox 100 3960 154 4008; x_wconf 85' lang='lat' dir='ltr'>pag.</span> <span class='ocrx_word' id='word_1_282' title='bbox 174 3944 222 3992; x_wconf 87' lang='grc'>289</span> <span class='ocrx_word' id='word_1_283' title='bbox 240 3945 293 3993; x_wconf 87' lang='lat' dir='ltr'>adu.</span> <span class='ocrx_word' id='word_1_284' title='bbox 313 3948 343 4001; x_wconf 96' lang='lat'>4;</span> <span class='ocrx_word' id='word_1_285' title='bbox 363 3945 419 3994; x_wconf 84' lang='grc'>296.</span> 
     </span>
    </p>
   </div>
   <div class='ocr_carea' id='block_1_6' title="bbox 99 4027 1267 4174">
    <p class='ocr_par' dir='ltr' id='par_1_10' title="bbox 99 4027 1267 4174">
     <span class='ocr_line' id='line_1_33' title="bbox 133 4027 1267 4101; baseline 0.01 -26"><span class='ocrx_word' id='word_1_286' title='bbox 133 4027 151 4088; x_wconf 85' lang='lat'>⁵)</span> <span class='ocrx_word' id='word_1_287' title='bbox 181 4027 217 4076; x_wconf 83' lang='lat' dir='ltr'>CI.</span> <span class='ocrx_word' id='word_1_288' title='bbox 236 4027 314 4091; x_wconf 84' lang='lat' dir='ltr'>Lange</span> <span class='ocrx_word' id='word_1_289' title='bbox 324 4027 340 4076; x_wconf 89' lang='lat' dir='ltr'>l.</span> <span class='ocrx_word' id='word_1_290' title='bbox 351 4027 367 4076; x_wconf 97' lang='lat' dir='ltr'>l.</span> <span class='ocrx_word' id='word_1_291' title='bbox 377 4044 428 4092; x_wconf 87' lang='lat' dir='ltr'>pag.</span> <span class='ocrx_word' id='word_1_292' title='bbox 439 4027 486 4080; x_wconf 84' lang='grc'>487</span> <span class='ocrx_word' id='word_1_293' title='bbox 498 4049 503 4086; x_wconf 86' lang='grc'><strong>;</strong></span> <span class='ocrx_word' id='word_1_294' title='bbox 518 4028 648 4093; x_wconf 82' lang='lat' dir='ltr'>Schweglar</span> <span class='ocrx_word' id='word_1_295' title='bbox 657 4031 684 4078; x_wconf 88' lang='lat' dir='ltr'>R.</span> <span class='ocrx_word' id='word_1_296' title='bbox 690 4031 722 4078; x_wconf 80' lang='lat' dir='ltr'>&#39;G.</span> <span class='ocrx_word' id='word_1_297' title='bbox 733 4031 744 4078; x_wconf 95' lang='lat' dir='ltr'>I</span> <span class='ocrx_word' id='word_1_298' title='bbox 754 4047 804 4095; x_wconf 82' lang='lat' dir='ltr'>pag.</span> <span class='ocrx_word' id='word_1_299' title='bbox 816 4031 871 4089; x_wconf 80' lang='lat'>745,</span> <span class='ocrx_word' id='word_1_300' title='bbox 881 4036 904 4080; x_wconf 90' lang='lat' dir='ltr'>ct</span> <span class='ocrx_word' id='word_1_301' title='bbox 912 4031 974 4080; x_wconf 85' lang='lat' dir='ltr'>locos</span> <span class='ocrx_word' id='word_1_302' title='bbox 985 4032 1017 4080; x_wconf 92' lang='lat' dir='ltr'>ibi</span> <span class='ocrx_word' id='word_1_303' title='bbox 1027 4032 1139 4093; x_wconf 86' lang='lat' dir='ltr'>laudatos,</span> <span class='ocrx_word' id='word_1_304' title='bbox 1149 4035 1267 4101; x_wconf 80' lang='lat' dir='ltr'>Imprimis</span> 
     </span>
     <span class='ocr_line' id='line_1_34' title="bbox 99 4111 500 4174; baseline 0.005 -16"><span class='ocrx_word' id='word_1_305' title='bbox 99 4111 148 4159; x_wconf 82' lang='lat' dir='ltr'>Cic.</span> <span class='ocrx_word' id='word_1_306' title='bbox 168 4111 203 4158; x_wconf 86' lang='lat' dir='ltr'>De</span> <span class='ocrx_word' id='word_1_307' title='bbox 221 4111 254 4159; x_wconf 84' lang='lat' dir='ltr'>Re</span> <span class='ocrx_word' id='word_1_308' title='bbox 269 4111 335 4174; x_wconf 92' lang='lat' dir='ltr'>publ.</span> <span class='ocrx_word' id='word_1_309' title='bbox 353 4111 385 4170; x_wconf 91' lang='lat' dir='ltr'>II,</span> <span class='ocrx_word' id='word_1_310' title='bbox 403 4111 443 4170; x_wconf 83' lang='lat'>22,</span> <span class='ocrx_word' id='word_1_311' title='bbox 462 4112 500 4160; x_wconf 85' lang='lat'>40.</span> 
     </span>
    </p>
   </div>
   <div class='ocr_carea' id='block_1_7' title="bbox 100 4193 1267 4342">
    <p class='ocr_par' dir='ltr' id='par_1_11' title="bbox 100 4193 1267 4342">
     <span class='ocr_line' id='line_1_35' title="bbox 132 4193 1267 4268; baseline 0.009 -26"><span class='ocrx_word' id='word_1_312' title='bbox 132 4194 152 4254; x_wconf 71' lang='grc' dir='ltr'>ε)</span> <span class='ocrx_word' id='word_1_313' title='bbox 170 4193 236 4243; x_wconf 86' lang='grc'>2000</span> <span class='ocrx_word' id='word_1_314' title='bbox 253 4209 316 4242; x_wconf 80' lang='lat' dir='ltr'>asses</span> <span class='ocrx_word' id='word_1_315' title='bbox 333 4195 484 4244; x_wconf 80' lang='lat' dir='ltr'>sartantan&#39;os</span> <span class='ocrx_word' id='word_1_316' title='bbox 499 4211 526 4244; x_wconf 83' lang='lat' dir='ltr'>ex</span> <span class='ocrx_word' id='word_1_317' title='bbox 544 4197 633 4244; x_wconf 86' lang='lat' dir='ltr'>ratione</span> <span class='ocrx_word' id='word_1_318' title='bbox 650 4197 761 4245; x_wconf 89' lang='lat' dir='ltr'>Boeckhii</span> <span class='ocrx_word' id='word_1_319' title='bbox 772 4197 874 4260; x_wconf 77' lang='lat' dir='ltr'>(Metrol.</span> <span class='ocrx_word' id='word_1_320' title='bbox 885 4199 977 4249; x_wconf 82' lang='lat' dir='ltr'>Uutcrs.</span> <span class='ocrx_word' id='word_1_321' title='bbox 987 4215 1038 4265; x_wconf 85' lang='lat' dir='ltr'>pag.</span> <span class='ocrx_word' id='word_1_322' title='bbox 1049 4201 1097 4250; x_wconf 86' lang='lat'>429</span> <span class='ocrx_word' id='word_1_323' title='bbox 1107 4205 1187 4267; x_wconf 74' lang='lat' dir='ltr'>seqq),</span> <span class='ocrx_word' id='word_1_324' title='bbox 1197 4219 1267 4268; x_wconf 85' lang='lat' dir='ltr'>quem</span> 
     </span>
     <span class='ocr_line' id='line_1_36' title="bbox 100 4277 1266 4342; baseline 0.006 -15"><span class='ocrx_word' id='word_1_325' title='bbox 100 4278 184 4342; x_wconf 82' lang='lat' dir='ltr'>Lange,</span> <span class='ocrx_word' id='word_1_326' title='bbox 217 4277 294 4342; x_wconf 84' lang='lat' dir='ltr'>Voigt,</span> <span class='ocrx_word' id='word_1_327' title='bbox 326 4277 376 4338; x_wconf 79' lang='lat' dir='ltr'>alil,</span> <span class='ocrx_word' id='word_1_328' title='bbox 408 4277 481 4328; x_wconf 76' lang='lat' dir='ltr'>secuti</span> <span class='ocrx_word' id='word_1_329' title='bbox 512 4282 582 4336; x_wconf 86' lang='lat' dir='ltr'>sunt;</span> <span class='ocrx_word' id='word_1_330' title='bbox 615 4281 680 4328; x_wconf 90' lang='grc'>4400</span> <span class='ocrx_word' id='word_1_331' title='bbox 710 4296 771 4328; x_wconf 81' lang='lat' dir='ltr'>asses</span> <span class='ocrx_word' id='word_1_332' title='bbox 802 4280 922 4330; x_wconf 84' lang='lat' dir='ltr'>trientales</span> <span class='ocrx_word' id='word_1_333' title='bbox 953 4299 980 4331; x_wconf 86' lang='lat' dir='ltr'>ex</span> <span class='ocrx_word' id='word_1_334' title='bbox 1010 4285 1098 4332; x_wconf 86' lang='lat' dir='ltr'>ratione</span> <span class='ocrx_word' id='word_1_335' title='bbox 1123 4285 1266 4336; x_wconf 82' lang='lat' dir='ltr'>Mommseni</span> 
     </span>
    </p>
   </div>
   <div class='ocr_carea' id='block_1_8' title="bbox 100 4361 315 4428">
    <p class='ocr_par' dir='ltr' id='par_1_12' title="bbox 100 4361 315 4428">
     <span class='ocr_line' id='line_1_37' title="bbox 100 4361 315 4428; baseline 0.014 -20"><span class='ocrx_word' id='word_1_336' title='bbox 100 4361 124 4424; x_wconf 78' lang='lat' dir='ltr'>(l.</span> <span class='ocrx_word' id='word_1_337' title='bbox 144 4362 159 4410; x_wconf 97' lang='lat' dir='ltr'>l.</span> <span class='ocrx_word' id='word_1_338' title='bbox 178 4379 229 4428; x_wconf 88' lang='lat' dir='ltr'>pag.</span> <span class='ocrx_word' id='word_1_339' title='bbox 249 4362 315 4424; x_wconf 84' lang='grc'>249),</span> 
     </span>
    </p>
   </div>
   <div class='ocr_carea' id='block_1_9' title="bbox 0 0 1581 5130">
    <p class='ocr_par' dir='ltr' id='par_1_13' title="bbox 0 0 1581 5130">
     <span class='ocr_line' id='line_1_38' title="bbox 0 0 1581 5130; baseline 0 0"><span class='ocrx_word' id='word_1_340' title='bbox 0 0 1581 5130; x_wconf 95' lang='lat' dir='ltr'> </span> 
     </span>
    </p>
   </div>
  </div>
 </body>
</html>
