<?xml version="1.0" encoding="UTF-8"?>
<!DOCTYPE html PUBLIC "-//W3C//DTD XHTML 1.0 Transitional//EN"
    "http://www.w3.org/TR/xhtml1/DTD/xhtml1-transitional.dtd">
<html xmlns="http://www.w3.org/1999/xhtml" xml:lang="en" lang="en">
 <head>
  <title>
</title>
<meta http-equiv="Content-Type" content="text/html;charset=utf-8" />
  <meta name='ocr-system' content='tesseract 3.04.00' />
  <meta name='ocr-capabilities' content='ocr_page ocr_carea ocr_par ocr_line ocrx_word'/>
</head>
<body>
  <div class='ocr_page' id='page_1' title='image "./depauperumcuraa01essegoog_0034.png"; bbox 0 0 3122 5130; ppageno 0'>
   <div class='ocr_carea' id='block_1_1' title="bbox 654 533 695 596">
    <p class='ocr_par' dir='ltr' id='par_1_1' title="bbox 654 533 695 596">
     <span class='ocr_line' id='line_1_1' title="bbox 654 533 695 596; baseline 0 0"><span class='ocrx_word' id='word_1_1' title='bbox 654 533 695 596; x_wconf 87' lang='lat'>13</span> 
     </span>
    </p>
   </div>
   <div class='ocr_carea' id='block_1_2' title="bbox 85 708 1281 2608">
    <p class='ocr_par' dir='ltr' id='par_1_2' title="bbox 85 708 1281 1248">
     <span class='ocr_line' id='line_1_2' title="bbox 91 708 1256 798; baseline -0.002 -22"><span class='ocrx_word' id='word_1_2' title='bbox 91 716 144 790; x_wconf 91' lang='lat' dir='ltr'>„et</span> <span class='ocrx_word' id='word_1_3' title='bbox 180 711 347 798; x_wconf 91' lang='lat' dir='ltr'>pecuniae</span> <span class='ocrx_word' id='word_1_4' title='bbox 383 708 544 795; x_wconf 84' lang='lat' dir='ltr'>fugienda</span> <span class='ocrx_word' id='word_1_5' title='bbox 581 711 765 796; x_wconf 88' lang='lat' dir='ltr'>cupiditas;</span> <span class='ocrx_word' id='word_1_6' title='bbox 805 710 893 775; x_wconf 94' lang='lat' dir='ltr'>nihil</span> <span class='ocrx_word' id='word_1_7' title='bbox 917 713 1011 779; x_wconf 89' lang='lat' dir='ltr'>enim</span> <span class='ocrx_word' id='word_1_8' title='bbox 1033 716 1083 778; x_wconf 89' lang='lat' dir='ltr'>est</span> <span class='ocrx_word' id='word_1_9' title='bbox 1104 716 1177 776; x_wconf 90' lang='lat' dir='ltr'>tam</span> <span class='ocrx_word' id='word_1_10' title='bbox 1198 731 1256 775; x_wconf 92' lang='lat' dir='ltr'>an·</span> 
     </span>
     <span class='ocr_line' id='line_1_3' title="bbox 88 821 1257 909; baseline 0.002 -23"><span class='ocrx_word' id='word_1_11' title='bbox 88 823 179 906; x_wconf 87' lang='lat' dir='ltr'>gusti</span> <span class='ocrx_word' id='word_1_12' title='bbox 214 823 323 888; x_wconf 86' lang='lat' dir='ltr'>animi</span> <span class='ocrx_word' id='word_1_13' title='bbox 356 830 496 908; x_wconf 88' lang='lat' dir='ltr'>tamque</span> <span class='ocrx_word' id='word_1_14' title='bbox 527 822 625 907; x_wconf 87' lang='lat' dir='ltr'>parvi</span> <span class='ocrx_word' id='word_1_15' title='bbox 649 844 754 909; x_wconf 89' lang='lat' dir='ltr'>quam</span> <span class='ocrx_word' id='word_1_16' title='bbox 778 845 892 889; x_wconf 87' lang='lat' dir='ltr'>amare</span> <span class='ocrx_word' id='word_1_17' title='bbox 916 823 1062 905; x_wconf 84' lang='lat' dir='ltr'>divitias,</span> <span class='ocrx_word' id='word_1_18' title='bbox 1087 822 1174 888; x_wconf 86' lang='lat' dir='ltr'>nihil</span> <span class='ocrx_word' id='word_1_19' title='bbox 1198 821 1257 888; x_wconf 92' lang='lat' dir='ltr'>ho-</span> 
     </span>
     <span class='ocr_line' id='line_1_4' title="bbox 85 935 1281 1023; baseline 0.001 -24"><span class='ocrx_word' id='word_1_20' title='bbox 85 936 217 1001; x_wconf 87' lang='lat' dir='ltr'>nestius</span> <span class='ocrx_word' id='word_1_21' title='bbox 252 935 593 1021; x_wconf 83' lang='lat' dir='ltr'>magnificentiusque</span> <span class='ocrx_word' id='word_1_22' title='bbox 629 958 734 1021; x_wconf 88' lang='lat' dir='ltr'>quam</span> <span class='ocrx_word' id='word_1_23' title='bbox 768 937 953 1023; x_wconf 88' lang='lat' dir='ltr'>pecuniam</span> <span class='ocrx_word' id='word_1_24' title='bbox 977 944 1203 1016; x_wconf 80' lang='lat' dir='ltr'>contemnere,</span> <span class='ocrx_word' id='word_1_25' title='bbox 1229 936 1281 1000; x_wconf 87' lang='lat' dir='ltr'>si.</span> 
     </span>
     <span class='ocr_line' id='line_1_5' title="bbox 88 1047 1256 1136; baseline 0.002 -24"><span class='ocrx_word' id='word_1_26' title='bbox 88 1069 157 1113; x_wconf 90' lang='lat' dir='ltr'>non</span> <span class='ocrx_word' id='word_1_27' title='bbox 193 1047 329 1130; x_wconf 70' lang='lat' dir='ltr'>habeas</span> <span class='ocrx_word' id='word_1_28' title='bbox 364 1049 391 1113; x_wconf 91' lang='lat' dir='ltr'>si</span> <span class='ocrx_word' id='word_1_29' title='bbox 426 1047 561 1129; x_wconf 87' lang='lat' dir='ltr'>habeas,</span> <span class='ocrx_word' id='word_1_30' title='bbox 597 1048 641 1113; x_wconf 90' lang='lat' dir='ltr'>ad</span> <span class='ocrx_word' id='word_1_31' title='bbox 664 1049 926 1116; x_wconf 88' lang='lat' dir='ltr'>beneficentiam</span> <span class='ocrx_word' id='word_1_32' title='bbox 949 1050 1256 1136; x_wconf 77' lang='lat' dir='ltr'>liberalitatemque</span> 
     </span>
     <span class='ocr_line' id='line_1_6' title="bbox 90 1161 327 1248; baseline 0.013 -23"><span class='ocrx_word' id='word_1_33' title='bbox 90 1163 276 1228; x_wconf 86' lang='lat' dir='ltr'>conferre.’&#39;</span> <span class='ocrx_word' id='word_1_34' title='bbox 303 1161 327 1248; x_wconf 91' lang='grc'>1)</span> 
     </span>
    </p>

    <p class='ocr_par' dir='ltr' id='par_1_3' title="bbox 91 1275 1268 2608">
     <span class='ocr_line' id='line_1_7' title="bbox 134 1275 1259 1363; baseline 0 -24"><span class='ocrx_word' id='word_1_35' title='bbox 134 1275 310 1361; x_wconf 75' lang='lat' dir='ltr'>Quicquid</span> <span class='ocrx_word' id='word_1_36' title='bbox 354 1275 390 1340; x_wconf 95' lang='lat' dir='ltr'>id</span> <span class='ocrx_word' id='word_1_37' title='bbox 435 1282 484 1340; x_wconf 88' lang='grc' dir='ltr'>θεῖ</span> <span class='ocrx_word' id='word_1_38' title='bbox 528 1275 731 1360; x_wconf 79' lang='lat' dir='ltr'>procedente</span> <span class='ocrx_word' id='word_1_39' title='bbox 760 1283 912 1363; x_wconf 86' lang='lat' dir='ltr'>ternpore</span> <span class='ocrx_word' id='word_1_40' title='bbox 948 1277 1065 1342; x_wconf 91' lang='lat' dir='ltr'>omnia</span> <span class='ocrx_word' id='word_1_41' title='bbox 1099 1277 1169 1340; x_wconf 94' lang='lat' dir='ltr'>iam</span> <span class='ocrx_word' id='word_1_42' title='bbox 1203 1275 1259 1340; x_wconf 91' lang='lat' dir='ltr'>fie-</span> 
     </span>
     <span class='ocr_line' id='line_1_8' title="bbox 91 1387 1259 1473; baseline 0.002 -21"><span class='ocrx_word' id='word_1_43' title='bbox 91 1387 174 1453; x_wconf 85' lang='lat' dir='ltr'>bant</span> <span class='ocrx_word' id='word_1_44' title='bbox 205 1389 350 1454; x_wconf 90' lang='lat' dir='ltr'>mitiora.</span> <span class='ocrx_word' id='word_1_45' title='bbox 398 1388 481 1453; x_wconf 77' lang='lat' dir='ltr'>Cato</span> <span class='ocrx_word' id='word_1_46' title='bbox 515 1395 669 1473; x_wconf 87' lang='lat' dir='ltr'>aegrotos</span> <span class='ocrx_word' id='word_1_47' title='bbox 704 1411 818 1456; x_wconf 89' lang='lat' dir='ltr'>servos</span> <span class='ocrx_word' id='word_1_48' title='bbox 853 1390 1051 1456; x_wconf 85' lang='lat' dir='ltr'>vendendos</span> <span class='ocrx_word' id='word_1_49' title='bbox 1085 1411 1155 1454; x_wconf 89' lang='lat' dir='ltr'>esse</span> <span class='ocrx_word' id='word_1_50' title='bbox 1183 1411 1259 1454; x_wconf 90' lang='lat' dir='ltr'>cen-</span> 
     </span>
     <span class='ocr_line' id='line_1_9' title="bbox 94 1500 1261 1590; baseline 0.002 -24"><span class='ocrx_word' id='word_1_51' title='bbox 94 1507 224 1566; x_wconf 88' lang='lat' dir='ltr'>suerat:</span> <span class='ocrx_word' id='word_1_52' title='bbox 261 1500 334 1566; x_wconf 86' lang='lat' dir='ltr'>Tib.</span> <span class='ocrx_word' id='word_1_53' title='bbox 371 1500 533 1566; x_wconf 86' lang='lat' dir='ltr'>Claudius</span> <span class='ocrx_word' id='word_1_54' title='bbox 567 1501 689 1566; x_wconf 83' lang='lat' dir='ltr'>Caesar</span> <span class='ocrx_word' id='word_1_55' title='bbox 712 1509 839 1583; x_wconf 91' lang='lat' dir='ltr'>contra,</span> <span class='ocrx_word' id='word_1_56' title='bbox 872 1524 971 1582; x_wconf 89' lang='lat' dir='ltr'>„cum</span> <span class='ocrx_word' id='word_1_57' title='bbox 996 1503 1137 1590; x_wconf 91' lang='lat' dir='ltr'>quidam</span> <span class='ocrx_word' id='word_1_58' title='bbox 1160 1524 1261 1587; x_wconf 86' lang='lat' dir='ltr'>aegra</span> 
     </span>
     <span class='ocr_line' id='line_1_10' title="bbox 94 1613 1262 1702; baseline 0.002 -23"><span class='ocrx_word' id='word_1_59' title='bbox 94 1622 127 1679; x_wconf 92' lang='lat' dir='ltr'>et</span> <span class='ocrx_word' id='word_1_60' title='bbox 161 1615 295 1680; x_wconf 85' lang='lat' dir='ltr'>adfecta</span> <span class='ocrx_word' id='word_1_61' title='bbox 319 1613 490 1700; x_wconf 88' lang='lat' dir='ltr'>mancipia</span> <span class='ocrx_word' id='word_1_62' title='bbox 512 1614 549 1678; x_wconf 94' lang='lat' dir='ltr'>in</span> <span class='ocrx_word' id='word_1_63' title='bbox 573 1615 722 1680; x_wconf 89' lang='lat' dir='ltr'>insulam</span> <span class='ocrx_word' id='word_1_64' title='bbox 745 1615 941 1702; x_wconf 83' lang='lat' dir='ltr'>Aesculapii</span> <span class='ocrx_word' id='word_1_65' title='bbox 965 1617 1077 1682; x_wconf 91' lang='lat' dir='ltr'>taedio</span> <span class='ocrx_word' id='word_1_66' title='bbox 1101 1616 1262 1682; x_wconf 90' lang='lat' dir='ltr'>medendi</span> 
     </span>
     <span class='ocr_line' id='line_1_11' title="bbox 95 1727 1262 1814; baseline 0.003 -22"><span class='ocrx_word' id='word_1_67' title='bbox 95 1734 316 1814; x_wconf 86' lang='lat' dir='ltr'>exponerent,</span> <span class='ocrx_word' id='word_1_68' title='bbox 351 1748 469 1793; x_wconf 91' lang='lat' dir='ltr'>omnes</span> <span class='ocrx_word' id='word_1_69' title='bbox 503 1727 563 1813; x_wconf 91' lang='lat' dir='ltr'>qui</span> <span class='ocrx_word' id='word_1_70' title='bbox 596 1736 849 1814; x_wconf 84' lang='lat' dir='ltr'>exponerentur</span> <span class='ocrx_word' id='word_1_71' title='bbox 886 1729 1010 1795; x_wconf 89' lang='lat' dir='ltr'>liberos</span> <span class='ocrx_word' id='word_1_72' title='bbox 1045 1751 1115 1795; x_wconf 87' lang='lat' dir='ltr'>esse</span> <span class='ocrx_word' id='word_1_73' title='bbox 1139 1731 1262 1811; x_wconf 83' lang='lat' dir='ltr'>sanxit,</span> 
     </span>
     <span class='ocr_line' id='line_1_12' title="bbox 94 1839 1264 1928; baseline 0.003 -24"><span class='ocrx_word' id='word_1_74' title='bbox 94 1862 155 1905; x_wconf 89' lang='lat' dir='ltr'>neo</span> <span class='ocrx_word' id='word_1_75' title='bbox 191 1840 301 1906; x_wconf 88' lang='lat' dir='ltr'>redire</span> <span class='ocrx_word' id='word_1_76' title='bbox 336 1840 373 1904; x_wconf 93' lang='lat' dir='ltr'>in</span> <span class='ocrx_word' id='word_1_77' title='bbox 406 1839 576 1904; x_wconf 88' lang='lat' dir='ltr'>dicionem</span> <span class='ocrx_word' id='word_1_78' title='bbox 599 1841 739 1922; x_wconf 91' lang='lat' dir='ltr'>domini,</span> <span class='ocrx_word' id='word_1_79' title='bbox 765 1843 793 1906; x_wconf 94' lang='lat' dir='ltr'>si</span> <span class='ocrx_word' id='word_1_80' title='bbox 816 1842 1083 1923; x_wconf 87' lang='lat' dir='ltr'>convaluissent;</span> <span class='ocrx_word' id='word_1_81' title='bbox 1122 1843 1264 1928; x_wconf 87' lang='lat' dir='ltr'>quodsi</span> 
     </span>
     <span class='ocr_line' id='line_1_13' title="bbox 95 1953 1264 2042; baseline 0.004 -25"><span class='ocrx_word' id='word_1_82' title='bbox 95 1955 170 2039; x_wconf 92' lang='lat' dir='ltr'>quis</span> <span class='ocrx_word' id='word_1_83' title='bbox 207 1975 327 2019; x_wconf 89' lang='lat' dir='ltr'>necare</span> <span class='ocrx_word' id='word_1_84' title='bbox 364 1974 468 2039; x_wconf 91' lang='lat' dir='ltr'>quem</span> <span class='ocrx_word' id='word_1_85' title='bbox 502 1953 619 2018; x_wconf 91' lang='lat' dir='ltr'>mallet</span> <span class='ocrx_word' id='word_1_86' title='bbox 648 1976 754 2040; x_wconf 91' lang='lat' dir='ltr'>quam</span> <span class='ocrx_word' id='word_1_87' title='bbox 777 1978 958 2042; x_wconf 90' lang='lat' dir='ltr'>exponere,</span> <span class='ocrx_word' id='word_1_88' title='bbox 985 1956 1097 2022; x_wconf 91' lang='lat' dir='ltr'>caedis</span> <span class='ocrx_word' id='word_1_89' title='bbox 1122 1957 1264 2022; x_wconf 90' lang='lat' dir='ltr'>crimine</span> 
     </span>
     <span class='ocr_line' id='line_1_14' title="bbox 94 2048 1267 2153; baseline 0.003 -23"><span class='ocrx_word' id='word_1_90' title='bbox 94 2067 237 2132; x_wconf 85' lang='lat' dir='ltr'>teneri.&#39;&#39;</span> <span class='ocrx_word' id='word_1_91' title='bbox 261 2066 287 2153; x_wconf 66' lang='grc'>2)</span> <span class='ocrx_word' id='word_1_92' title='bbox 332 2066 428 2131; x_wconf 90' lang='lat' dir='ltr'>Licet</span> <span class='ocrx_word' id='word_1_93' title='bbox 451 2067 521 2152; x_wconf 88' lang='lat' dir='ltr'>ipse</span> <span class='ocrx_word' id='word_1_94' title='bbox 546 2067 723 2152; x_wconf 83' lang='lat' dir='ltr'>Augustus</span> <span class='ocrx_word' id='word_1_95' title='bbox 747 2091 860 2134; x_wconf 80' lang='lat' dir='ltr'>servos</span> <span class='ocrx_word' id='word_1_96' title='bbox 880 2069 997 2134; x_wconf 89' lang='lat' dir='ltr'>multis</span> <span class='ocrx_word' id='word_1_97' title='bbox 1010 2048 1267 2135; x_wconf 87' lang='lat' dir='ltr'>difficultatibus</span> 
     </span>
     <span class='ocr_line' id='line_1_15' title="bbox 96 2179 1266 2272; baseline 0.003 -28"><span class='ocrx_word' id='word_1_98' title='bbox 96 2202 115 2244; x_wconf 91' lang='lat' dir='ltr'>a</span> <span class='ocrx_word' id='word_1_99' title='bbox 148 2180 306 2245; x_wconf 89' lang='lat' dir='ltr'>libertate</span> <span class='ocrx_word' id='word_1_100' title='bbox 342 2186 375 2244; x_wconf 91' lang='lat' dir='ltr'>et</span> <span class='ocrx_word' id='word_1_101' title='bbox 410 2179 519 2244; x_wconf 89' lang='lat' dir='ltr'>multo</span> <span class='ocrx_word' id='word_1_102' title='bbox 543 2180 699 2265; x_wconf 88' lang='lat' dir='ltr'>pluribus</span> <span class='ocrx_word' id='word_1_103' title='bbox 724 2203 743 2247; x_wconf 90' lang='lat' dir='ltr'>a</span> <span class='ocrx_word' id='word_1_104' title='bbox 766 2182 921 2247; x_wconf 92' lang='lat' dir='ltr'>libertate</span> <span class='ocrx_word' id='word_1_105' title='bbox 946 2183 1035 2247; x_wconf 89' lang='lat' dir='ltr'>iusta</span> <span class='ocrx_word' id='word_1_106' title='bbox 1060 2183 1266 2272; x_wconf 88' lang='lat' dir='ltr'>removisset,</span> 
     </span>
     <span class='ocr_line' id='line_1_16' title="bbox 97 2293 1267 2382; baseline 0.003 -25"><span class='ocrx_word' id='word_1_107' title='bbox 97 2299 216 2359; x_wconf 89' lang='lat' dir='ltr'>tamen</span> <span class='ocrx_word' id='word_1_108' title='bbox 251 2315 333 2358; x_wconf 89' lang='lat' dir='ltr'>mox</span> <span class='ocrx_word' id='word_1_109' title='bbox 356 2293 472 2357; x_wconf 92' lang='lat' dir='ltr'>omnia</span> <span class='ocrx_word' id='word_1_110' title='bbox 496 2294 770 2376; x_wconf 87' lang='lat' dir='ltr'>removebantur,</span> <span class='ocrx_word' id='word_1_111' title='bbox 797 2317 884 2382; x_wconf 90' lang='lat' dir='ltr'>quae</span> <span class='ocrx_word' id='word_1_112' title='bbox 910 2295 1083 2361; x_wconf 84' lang='lat' dir='ltr'>obstarent</span> <span class='ocrx_word' id='word_1_113' title='bbox 1106 2303 1139 2362; x_wconf 94' lang='lat' dir='ltr'>et</span> <span class='ocrx_word' id='word_1_114' title='bbox 1161 2297 1267 2382; x_wconf 91' lang='lat' dir='ltr'>impe-</span> 
     </span>
     <span class='ocr_line' id='line_1_17' title="bbox 98 2405 1266 2496; baseline 0.003 -26"><span class='ocrx_word' id='word_1_115' title='bbox 98 2407 215 2472; x_wconf 88' lang='lat' dir='ltr'>dirent</span> <span class='ocrx_word' id='word_1_116' title='bbox 249 2428 317 2492; x_wconf 92' lang='lat' dir='ltr'>quo</span> <span class='ocrx_word' id='word_1_117' title='bbox 345 2405 459 2471; x_wconf 89' lang='lat' dir='ltr'>minus</span> <span class='ocrx_word' id='word_1_118' title='bbox 486 2428 663 2473; x_wconf 85' lang='lat' dir='ltr'>servorum</span> <span class='ocrx_word' id='word_1_119' title='bbox 692 2408 812 2493; x_wconf 82' lang='lat' dir='ltr'>ingens</span> <span class='ocrx_word' id='word_1_120' title='bbox 837 2409 888 2474; x_wconf 78' lang='lat' dir='ltr'>vis</span> <span class='ocrx_word' id='word_1_121' title='bbox 913 2409 1211 2474; x_wconf 88' lang='lat' dir='ltr'>manumitteretur</span> <span class='ocrx_word' id='word_1_122' title='bbox 1230 2407 1266 2496; x_wconf 77' lang='grc'>8).</span> 
     </span>
     <span class='ocr_line' id='line_1_18' title="bbox 99 2520 1268 2608; baseline 0.003 -25"><span class='ocrx_word' id='word_1_123' title='bbox 99 2520 155 2584; x_wconf 83' lang='lat' dir='ltr'>Ad</span> <span class='ocrx_word' id='word_1_124' title='bbox 190 2520 281 2585; x_wconf 90' lang='lat' dir='ltr'>hanc</span> <span class='ocrx_word' id='word_1_125' title='bbox 316 2542 452 2586; x_wconf 89' lang='lat' dir='ltr'>morum</span> <span class='ocrx_word' id='word_1_126' title='bbox 487 2524 714 2588; x_wconf 89' lang='lat' dir='ltr'>mutationem</span> <span class='ocrx_word' id='word_1_127' title='bbox 749 2522 898 2586; x_wconf 90' lang='lat' dir='ltr'>multum</span> <span class='ocrx_word' id='word_1_128' title='bbox 933 2522 1069 2588; x_wconf 87' lang='lat' dir='ltr'>valebat</span> <span class='ocrx_word' id='word_1_129' title='bbox 1102 2523 1268 2608; x_wconf 89' lang='lat' dir='ltr'>sapientia</span> 
     </span>
    </p>
   </div>
   <div class='ocr_carea' id='block_1_3' title="bbox 99 2634 1273 3403">
    <p class='ocr_par' dir='ltr' id='par_1_4' title="bbox 99 2634 1273 3403">
     <span class='ocr_line' id='line_1_19' title="bbox 100 2634 1268 2722; baseline 0.001 -24"><span class='ocrx_word' id='word_1_130' title='bbox 100 2634 224 2714; x_wconf 76' lang='lat' dir='ltr'>Stoica,</span> <span class='ocrx_word' id='word_1_131' title='bbox 250 2654 337 2719; x_wconf 94' lang='lat' dir='ltr'>quae</span> <span class='ocrx_word' id='word_1_132' title='bbox 361 2641 442 2701; x_wconf 90' lang='lat' dir='ltr'>tnnc</span> <span class='ocrx_word' id='word_1_133' title='bbox 467 2635 642 2700; x_wconf 88' lang='lat' dir='ltr'>saeculum</span> <span class='ocrx_word' id='word_1_134' title='bbox 665 2635 811 2700; x_wconf 90' lang='lat' dir='ltr'>tenebat.</span> <span class='ocrx_word' id='word_1_135' title='bbox 847 2635 959 2700; x_wconf 74' lang='lat' dir='ltr'>Stoica</span> <span class='ocrx_word' id='word_1_136' title='bbox 975 2643 1090 2700; x_wconf 90' lang='lat' dir='ltr'>antem</span> <span class='ocrx_word' id='word_1_137' title='bbox 1103 2636 1268 2722; x_wconf 86' lang='lat' dir='ltr'>sapientia</span> 
     </span>
     <span class='ocr_line' id='line_1_20' title="bbox 99 2747 1267 2836; baseline 0.003 -25"><span class='ocrx_word' id='word_1_138' title='bbox 99 2748 192 2812; x_wconf 91' lang='lat' dir='ltr'>hanc</span> <span class='ocrx_word' id='word_1_139' title='bbox 226 2747 411 2813; x_wconf 83' lang='lat' dir='ltr'>formulam</span> <span class='ocrx_word' id='word_1_140' title='bbox 445 2749 590 2814; x_wconf 90' lang='lat' dir='ltr'>humani</span> <span class='ocrx_word' id='word_1_141' title='bbox 613 2749 715 2814; x_wconf 91' lang='lat' dir='ltr'>officii</span> <span class='ocrx_word' id='word_1_142' title='bbox 737 2749 905 2814; x_wconf 89' lang='lat' dir='ltr'>tradebat:</span> <span class='ocrx_word' id='word_1_143' title='bbox 944 2771 1064 2829; x_wconf 91' lang='lat' dir='ltr'>„omne</span> <span class='ocrx_word' id='word_1_144' title='bbox 1088 2750 1152 2814; x_wconf 92' lang='lat' dir='ltr'>hoc</span> <span class='ocrx_word' id='word_1_145' title='bbox 1177 2750 1267 2836; x_wconf 91' lang='lat' dir='ltr'>quod</span> 
     </span>
     <span class='ocr_line' id='line_1_21' title="bbox 99 2861 1266 2948; baseline 0.002 -22"><span class='ocrx_word' id='word_1_146' title='bbox 99 2861 207 2941; x_wconf 71' lang='lat' dir='ltr'>vides</span> <span class='ocrx_word' id='word_1_147' title='bbox 234 2882 301 2947; x_wconf 93' lang='lat' dir='ltr'>quo</span> <span class='ocrx_word' id='word_1_148' title='bbox 325 2861 440 2928; x_wconf 82' lang='lat' dir='ltr'>divina</span> <span class='ocrx_word' id='word_1_149' title='bbox 466 2869 568 2948; x_wconf 91' lang='lat' dir='ltr'>atque</span> <span class='ocrx_word' id='word_1_150' title='bbox 592 2863 747 2927; x_wconf 88' lang='lat' dir='ltr'>humana</span> <span class='ocrx_word' id='word_1_151' title='bbox 771 2862 929 2928; x_wconf 89' lang='lat' dir='ltr'>conclusa</span> <span class='ocrx_word' id='word_1_152' title='bbox 952 2870 1040 2944; x_wconf 89' lang='lat' dir='ltr'>sunt,</span> <span class='ocrx_word' id='word_1_153' title='bbox 1068 2883 1178 2928; x_wconf 91' lang='lat' dir='ltr'>unum</span> <span class='ocrx_word' id='word_1_154' title='bbox 1204 2869 1266 2928; x_wconf 90' lang='lat' dir='ltr'>est:</span> 
     </span>
     <span class='ocr_line' id='line_1_22' title="bbox 99 2973 1267 3061; baseline 0.001 -22"><span class='ocrx_word' id='word_1_155' title='bbox 99 2973 258 3039; x_wconf 87' lang='lat' dir='ltr'>membra</span> <span class='ocrx_word' id='word_1_156' title='bbox 277 2996 394 3040; x_wconf 92' lang='lat' dir='ltr'>sumus</span> <span class='ocrx_word' id='word_1_157' title='bbox 417 2977 566 3061; x_wconf 88' lang='lat' dir='ltr'>corporis</span> <span class='ocrx_word' id='word_1_158' title='bbox 589 2977 715 3060; x_wconf 83' lang='lat' dir='ltr'>magni,</span> <span class='ocrx_word' id='word_1_159' title='bbox 741 2983 864 3040; x_wconf 86' lang='lat' dir='ltr'>natura</span> <span class='ocrx_word' id='word_1_160' title='bbox 886 2998 948 3041; x_wconf 86' lang='lat' dir='ltr'>nos</span> <span class='ocrx_word' id='word_1_161' title='bbox 971 2983 1132 3061; x_wconf 81' lang='lat' dir='ltr'>cognatos</span> <span class='ocrx_word' id='word_1_162' title='bbox 1152 2977 1267 3058; x_wconf 89' lang='lat' dir='ltr'>edidit,</span> 
     </span>
     <span class='ocr_line' id='line_1_23' title="bbox 101 3088 1272 3174; baseline 0.001 -21"><span class='ocrx_word' id='word_1_163' title='bbox 101 3109 185 3153; x_wconf 91' lang='lat' dir='ltr'>cum</span> <span class='ocrx_word' id='word_1_164' title='bbox 219 3109 264 3152; x_wconf 87' lang='lat' dir='ltr'>ex</span> <span class='ocrx_word' id='word_1_165' title='bbox 297 3088 406 3153; x_wconf 88' lang='lat' dir='ltr'>isdem</span> <span class='ocrx_word' id='word_1_166' title='bbox 440 3095 473 3153; x_wconf 91' lang='lat' dir='ltr'>et</span> <span class='ocrx_word' id='word_1_167' title='bbox 496 3090 532 3153; x_wconf 94' lang='lat' dir='ltr'>in</span> <span class='ocrx_word' id='word_1_168' title='bbox 556 3089 676 3155; x_wconf 90' lang='lat' dir='ltr'>eadem</span> <span class='ocrx_word' id='word_1_169' title='bbox 699 3091 864 3174; x_wconf 81' lang='lat' dir='ltr'>gigneret.</span> <span class='ocrx_word' id='word_1_170' title='bbox 890 3091 974 3155; x_wconf 86' lang='lat' dir='ltr'>haec</span> <span class='ocrx_word' id='word_1_171' title='bbox 998 3089 1096 3172; x_wconf 89' lang='lat' dir='ltr'>nobis</span> <span class='ocrx_word' id='word_1_172' title='bbox 1119 3111 1272 3155; x_wconf 90' lang='lat' dir='ltr'>amorem</span> 
     </span>
     <span class='ocr_line' id='line_1_24' title="bbox 103 3201 1271 3290; baseline 0.003 -25"><span class='ocrx_word' id='word_1_173' title='bbox 103 3201 231 3266; x_wconf 91' lang='lat' dir='ltr'>indidit</span> <span class='ocrx_word' id='word_1_174' title='bbox 265 3208 425 3266; x_wconf 92' lang='lat' dir='ltr'>mutuum</span> <span class='ocrx_word' id='word_1_175' title='bbox 452 3208 486 3268; x_wconf 92' lang='lat' dir='ltr'>et</span> <span class='ocrx_word' id='word_1_176' title='bbox 508 3201 682 3268; x_wconf 85' lang='lat' dir='ltr'>sociabiles</span> <span class='ocrx_word' id='word_1_177' title='bbox 705 3203 793 3268; x_wconf 80' lang='lat' dir='ltr'>lecit.</span> <span class='ocrx_word' id='word_1_178' title='bbox 818 3203 877 3268; x_wconf 91' lang='lat' dir='ltr'>illa</span> <span class='ocrx_word' id='word_1_179' title='bbox 900 3225 1051 3290; x_wconf 89' lang='lat' dir='ltr'>aequum</span> <span class='ocrx_word' id='word_1_180' title='bbox 1074 3204 1271 3290; x_wconf 88' lang='lat' dir='ltr'>iustumque</span> 
     </span>
     <span class='ocr_line' id='line_1_25' title="bbox 104 3315 1273 3403; baseline 0 -22"><span class='ocrx_word' id='word_1_181' title='bbox 104 3315 294 3400; x_wconf 90' lang='lat' dir='ltr'>conposuit.</span> <span class='ocrx_word' id='word_1_182' title='bbox 330 3337 373 3379; x_wconf 92' lang='lat' dir='ltr'>ex</span> <span class='ocrx_word' id='word_1_183' title='bbox 396 3315 487 3380; x_wconf 89' lang='lat' dir='ltr'>illius</span> <span class='ocrx_word' id='word_1_184' title='bbox 510 3317 748 3382; x_wconf 87' lang='lat' dir='ltr'>constitutione</span> <span class='ocrx_word' id='word_1_185' title='bbox 772 3317 927 3382; x_wconf 86' lang='lat' dir='ltr'>miserius</span> <span class='ocrx_word' id='word_1_186' title='bbox 950 3324 999 3382; x_wconf 92' lang='lat' dir='ltr'>est</span> <span class='ocrx_word' id='word_1_187' title='bbox 1022 3339 1142 3382; x_wconf 90' lang='lat' dir='ltr'>nocere</span> <span class='ocrx_word' id='word_1_188' title='bbox 1168 3338 1273 3403; x_wconf 86' lang='lat' dir='ltr'>quarn</span> 
     </span>
    </p>
   </div>
   <div class='ocr_carea' id='block_1_4' title="bbox 52 3493 1282 4136">
    <p class='ocr_par' dir='ltr' id='par_1_5' title="bbox 52 3493 1282 4136">
     <span class='ocr_line' id='line_1_26' title="bbox 141 3493 1273 3553; baseline 0.001 -13"><span class='ocrx_word' id='word_1_189' title='bbox 141 3493 159 3553; x_wconf 83' lang='lat'>¹)</span> <span class='ocrx_word' id='word_1_190' title='bbox 181 3493 231 3541; x_wconf 78' lang='lat' dir='ltr'>cic.</span> <span class='ocrx_word' id='word_1_191' title='bbox 250 3493 286 3541; x_wconf 90' lang='lat' dir='ltr'>De</span> <span class='ocrx_word' id='word_1_192' title='bbox 301 3494 346 3542; x_wconf 86' lang='lat' dir='ltr'>off.</span> <span class='ocrx_word' id='word_1_193' title='bbox 358 3494 441 3550; x_wconf 81' lang='lat' dir='ltr'>·I·,·20,</span> <span class='ocrx_word' id='word_1_194' title='bbox 459 3494 499 3544; x_wconf 85' lang='grc'>68.</span> <span class='ocrx_word' id='word_1_195' title='bbox 517 3493 628 3542; x_wconf 76' lang='lat' dir='ltr'>conseras</span> <span class='ocrx_word' id='word_1_196' title='bbox 645 3494 717 3542; x_wconf 83' lang='lat' dir='ltr'>etiem</span> <span class='ocrx_word' id='word_1_197' title='bbox 735 3495 837 3542; x_wconf 88' lang='lat' dir='ltr'>eundem</span> <span class='ocrx_word' id='word_1_198' title='bbox 855 3495 891 3543; x_wconf 90' lang='lat' dir='ltr'>De</span> <span class='ocrx_word' id='word_1_199' title='bbox 909 3495 974 3543; x_wconf 83' lang='lat' dir='ltr'>Oret.</span> <span class='ocrx_word' id='word_1_200' title='bbox 992 3496 1012 3552; x_wconf 90' lang='grc' dir='ltr'>Ι,</span> <span class='ocrx_word' id='word_1_201' title='bbox 1031 3495 1070 3552; x_wconf 85' lang='grc'>53,</span> <span class='ocrx_word' id='word_1_202' title='bbox 1090 3495 1146 3552; x_wconf 80' lang='lat'>227,</span> <span class='ocrx_word' id='word_1_203' title='bbox 1163 3493 1203 3543; x_wconf 89' lang='lat' dir='ltr'>ubi</span> <span class='ocrx_word' id='word_1_204' title='bbox 1221 3495 1273 3542; x_wconf 86' lang='lat' dir='ltr'>Ser·</span> 
     </span>
     <span class='ocr_line' id='line_1_27' title="bbox 104 3575 1274 3641; baseline 0.001 -17"><span class='ocrx_word' id='word_1_205' title='bbox 104 3577 159 3625; x_wconf 89' lang='lat' dir='ltr'>vius</span> <span class='ocrx_word' id='word_1_206' title='bbox 184 3575 260 3624; x_wconf 81' lang='lat' dir='ltr'>Galba</span> <span class='ocrx_word' id='word_1_207' title='bbox 284 3576 464 3641; x_wconf 84' lang='lat' dir='ltr'>reprehenditur</span> <span class='ocrx_word' id='word_1_208' title='bbox 482 3577 558 3640; x_wconf 79' lang='lat' dir='ltr'>„quod</span> <span class='ocrx_word' id='word_1_209' title='bbox 575 3577 596 3626; x_wconf 86' lang='lat' dir='ltr'>is</span> <span class='ocrx_word' id='word_1_210' title='bbox 613 3577 639 3626; x_wconf 86' lang='lat' dir='ltr'>L.</span> <span class='ocrx_word' id='word_1_211' title='bbox 657 3576 779 3626; x_wconf 86' lang='lat' dir='ltr'>Scribonio</span> <span class='ocrx_word' id='word_1_212' title='bbox 796 3578 956 3640; x_wconf 82' lang='lat' dir='ltr'>quaestionem</span> <span class='ocrx_word' id='word_1_213' title='bbox 972 3578 998 3626; x_wconf 91' lang='lat' dir='ltr'>in</span> <span class='ocrx_word' id='word_1_214' title='bbox 1016 3594 1069 3626; x_wconf 88' lang='lat' dir='ltr'>eum</span> <span class='ocrx_word' id='word_1_215' title='bbox 1086 3579 1176 3626; x_wconf 81' lang='lat' dir='ltr'>ferente</span> <span class='ocrx_word' id='word_1_216' title='bbox 1192 3577 1274 3640; x_wconf 88' lang='lat' dir='ltr'>populi</span> 
     </span>
     <span class='ocr_line' id='line_1_28' title="bbox 105 3657 1276 3728; baseline -0.003 -20"><span class='ocrx_word' id='word_1_217' title='bbox 105 3659 293 3708; x_wconf 83' lang='lat' dir='ltr'>misericordiam</span> <span class='ocrx_word' id='word_1_218' title='bbox 310 3659 471 3708; x_wconf 55' lang='lat' dir='ltr'>concitasset?</span> <span class='ocrx_word' id='word_1_219' title='bbox 489 3660 573 3708; x_wconf 86' lang='lat' dir='ltr'>Nescio</span> <span class='ocrx_word' id='word_1_220' title='bbox 590 3677 620 3708; x_wconf 88' lang='lat' dir='ltr'>un</span> <span class='ocrx_word' id='word_1_221' title='bbox 638 3677 730 3723; x_wconf 88' lang='lat' dir='ltr'>quoqne</span> <span class='ocrx_word' id='word_1_222' title='bbox 748 3660 850 3708; x_wconf 85' lang='lat' dir='ltr'>alicuius</span> <span class='ocrx_word' id='word_1_223' title='bbox 859 3661 974 3709; x_wconf 89' lang='lat' dir='ltr'>momenti</span> <span class='ocrx_word' id='word_1_224' title='bbox 985 3661 1040 3728; x_wconf 86' lang='lat' dir='ltr'>sint,</span> <span class='ocrx_word' id='word_1_225' title='bbox 1050 3677 1108 3723; x_wconf 78' lang='lat' dir='ltr'>quer</span> <span class='ocrx_word' id='word_1_226' title='bbox 1119 3659 1179 3708; x_wconf 87' lang='lat' dir='ltr'>dicit</span> <span class='ocrx_word' id='word_1_227' title='bbox 1187 3657 1276 3720; x_wconf 75' lang='lat' dir='ltr'>Ussing</span> 
     </span>
     <span class='ocr_line' id='line_1_29' title="bbox 65 3739 1278 3807; baseline -0.002 -17"><span class='ocrx_word' id='word_1_228' title='bbox 65 3764 67 3768; x_wconf 52' lang='lat'><em>⁴</em></span> <span class='ocrx_word' id='word_1_229' title='bbox 106 3742 136 3790; x_wconf 89' lang='lat' dir='ltr'>de</span> <span class='ocrx_word' id='word_1_230' title='bbox 158 3741 239 3790; x_wconf 81' lang='lat' dir='ltr'>Plauti</span> <span class='ocrx_word' id='word_1_231' title='bbox 258 3742 367 3790; x_wconf 83' lang='lat' dir='ltr'>Rudente</span> <span class='ocrx_word' id='word_1_232' title='bbox 384 3770 415 3778; x_wconf 89' lang='lat'>—-</span> <span class='ocrx_word' id='word_1_233' title='bbox 434 3741 504 3790; x_wconf 83' lang='lat' dir='ltr'>verbe</span> <span class='ocrx_word' id='word_1_234' title='bbox 521 3742 678 3790; x_wconf 83' lang='lat' dir='ltr'>inveniuntur</span> <span class='ocrx_word' id='word_1_235' title='bbox 697 3744 722 3790; x_wconf 90' lang='lat' dir='ltr'>in</span> <span class='ocrx_word' id='word_1_236' title='bbox 740 3744 887 3807; x_wconf 82' lang='lat' dir='ltr'>praelatione</span> <span class='ocrx_word' id='word_1_237' title='bbox 904 3743 1075 3798; x_wconf 83' lang='lat' dir='ltr'>commentarii,</span> <span class='ocrx_word' id='word_1_238' title='bbox 1093 3758 1164 3806; x_wconf 88' lang='lat' dir='ltr'>quem</span> <span class='ocrx_word' id='word_1_239' title='bbox 1182 3739 1278 3803; x_wconf 86' lang='lat' dir='ltr'>scripsit</span> 
     </span>
     <span class='ocr_line' id='line_1_30' title="bbox 106 3822 1278 3889; baseline -0.002 -17"><span class='ocrx_word' id='word_1_240' title='bbox 106 3825 132 3872; x_wconf 92' lang='lat' dir='ltr'>in</span> <span class='ocrx_word' id='word_1_241' title='bbox 158 3823 225 3873; x_wconf 84' lang='lat' dir='ltr'>illam</span> <span class='ocrx_word' id='word_1_242' title='bbox 252 3825 395 3872; x_wconf 84' lang='lat' dir='ltr'>comoediam</span> <span class='ocrx_word' id='word_1_243' title='bbox 421 3823 516 3885; x_wconf 82' lang='lat' dir='ltr'>(Plaut,</span> <span class='ocrx_word' id='word_1_244' title='bbox 543 3824 587 3872; x_wconf 85' lang='lat' dir='ltr'>Ed.</span> <span class='ocrx_word' id='word_1_245' title='bbox 606 3825 700 3887; x_wconf 82' lang='lat' dir='ltr'>Ussing,</span> <span class='ocrx_word' id='word_1_246' title='bbox 720 3825 763 3874; x_wconf 87' lang='lat' dir='ltr'>Vol</span> <span class='ocrx_word' id='word_1_247' title='bbox 791 3826 879 3889; x_wconf 85' lang='lat' dir='ltr'>Vpng.</span> <span class='ocrx_word' id='word_1_248' title='bbox 898 3826 956 3884; x_wconf 79' lang='lat'>462)</span> <span class='ocrx_word' id='word_1_249' title='bbox 974 3845 1021 3871; x_wconf 75' lang='grc' dir='ltr'>-ι</span> <span class='ocrx_word' id='word_1_250' title='bbox 1049 3824 1154 3888; x_wconf 82' lang='lat' dir='ltr'>„Fabula</span> <span class='ocrx_word' id='word_1_251' title='bbox 1170 3822 1278 3887; x_wconf 84' lang='lat' dir='ltr'>pulcher·</span> 
     </span>
     <span class='ocr_line' id='line_1_31' title="bbox 106 3905 1281 3972; baseline -0.002 -17"><span class='ocrx_word' id='word_1_252' title='bbox 106 3908 170 3955; x_wconf 78' lang='lat' dir='ltr'>rime</span> <span class='ocrx_word' id='word_1_253' title='bbox 195 3923 269 3970; x_wconf 91' lang='lat' dir='ltr'>quum</span> <span class='ocrx_word' id='word_1_254' title='bbox 295 3905 372 3956; x_wconf 83' lang='lat' dir='ltr'>multa</span> <span class='ocrx_word' id='word_1_255' title='bbox 396 3921 450 3954; x_wconf 89' lang='lat' dir='ltr'>vere</span> <span class='ocrx_word' id='word_1_256' title='bbox 472 3907 567 3963; x_wconf 84' lang='lat' dir='ltr'>comice,</span> <span class='ocrx_word' id='word_1_257' title='bbox 586 3910 638 3954; x_wconf 91' lang='lat' dir='ltr'>tum</span> <span class='ocrx_word' id='word_1_258' title='bbox 656 3923 703 3954; x_wconf 90' lang='lat' dir='ltr'>non</span> <span class='ocrx_word' id='word_1_259' title='bbox 722 3924 795 3972; x_wconf 82' lang='lat' dir='ltr'>pauca</span> <span class='ocrx_word' id='word_1_260' title='bbox 812 3909 872 3956; x_wconf 83' lang='lat' dir='ltr'>scria</span> <span class='ocrx_word' id='word_1_261' title='bbox 889 3914 912 3956; x_wconf 84' lang='lat' dir='ltr'>et</span> <span class='ocrx_word' id='word_1_262' title='bbox 928 3907 1065 3956; x_wconf 84' lang='lat' dir='ltr'>formidinis</span> <span class='ocrx_word' id='word_1_263' title='bbox 1080 3911 1104 3955; x_wconf 88' lang='lat' dir='ltr'>et</span> <span class='ocrx_word' id='word_1_264' title='bbox 1120 3905 1281 3954; x_wconf 62' lang='lat' dir='ltr'>mesericordia</span> 
     </span>
     <span class='ocr_line' id='line_1_32' title="bbox 108 3988 1282 4054; baseline -0.001 -16"><span class='ocrx_word' id='word_1_265' title='bbox 108 3989 179 4054; x_wconf 84' lang='lat' dir='ltr'>plene</span> <span class='ocrx_word' id='word_1_266' title='bbox 204 3990 282 4048; x_wconf 83' lang='lat' dir='ltr'>habet,</span> <span class='ocrx_word' id='word_1_267' title='bbox 309 3993 336 4038; x_wconf 90' lang='lat' dir='ltr'>ut</span> <span class='ocrx_word' id='word_1_268' title='bbox 361 4005 375 4038; x_wconf 84' lang='lat' dir='ltr'>o</span> <span class='ocrx_word' id='word_1_269' title='bbox 400 3989 474 4038; x_wconf 87' lang='lat' dir='ltr'>nostri</span> <span class='ocrx_word' id='word_1_270' title='bbox 491 3990 605 4052; x_wconf 85' lang='lat' dir='ltr'>temporis</span> <span class='ocrx_word' id='word_1_271' title='bbox 622 3989 711 4038; x_wconf 83' lang='lat' dir='ltr'>sabulis</span> <span class='ocrx_word' id='word_1_272' title='bbox 728 3991 807 4038; x_wconf 89' lang='lat' dir='ltr'>minus</span> <span class='ocrx_word' id='word_1_273' title='bbox 831 4006 901 4053; x_wconf 84' lang='lat' dir='ltr'>quem</span> <span class='ocrx_word' id='word_1_274' title='bbox 928 3989 987 4038; x_wconf 83' lang='lat' dir='ltr'>eliae</span> <span class='ocrx_word' id='word_1_275' title='bbox 1010 3989 1136 4053; x_wconf 79' lang='lat' dir='ltr'>pleraeque</span> <span class='ocrx_word' id='word_1_276' title='bbox 1157 3988 1282 4037; x_wconf 81' lang='lat' dir='ltr'>abhorrere</span> 
     </span>
     <span class='ocr_line' id='line_1_33' title="bbox 52 4072 1196 4136; baseline 0.001 -16"><span class='ocrx_word' id='word_1_277' title='bbox 52 4079 55 4083; x_wconf 77' lang='grc'><strong><em>’</em></strong></span> <span class='ocrx_word' id='word_1_278' title='bbox 110 4072 245 4123; x_wconf 82' lang='lat' dir='ltr'>videatur.&#39;&#39;</span> <span class='ocrx_word' id='word_1_279' title='bbox 279 4075 391 4122; x_wconf 81' lang='lat' dir='ltr'>Attamen</span> <span class='ocrx_word' id='word_1_280' title='bbox 410 4072 510 4121; x_wconf 79' lang='lat' dir='ltr'>Plautus</span> <span class='ocrx_word' id='word_1_281' title='bbox 527 4073 553 4120; x_wconf 87' lang='lat' dir='ltr'>in</span> <span class='ocrx_word' id='word_1_282' title='bbox 571 4072 614 4121; x_wconf 82' lang='lat' dir='ltr'>ille</span> <span class='ocrx_word' id='word_1_283' title='bbox 630 4072 709 4121; x_wconf 81' lang='lat' dir='ltr'>sabulo</span> <span class='ocrx_word' id='word_1_284' title='bbox 727 4072 854 4136; x_wconf 86' lang='lat' dir='ltr'>Diphilum</span> <span class='ocrx_word' id='word_1_285' title='bbox 873 4073 1027 4136; x_wconf 85' lang='lat' dir='ltr'>Sinopensem</span> <span class='ocrx_word' id='word_1_286' title='bbox 1045 4078 1138 4120; x_wconf 85' lang='lat' dir='ltr'>secutus</span> <span class='ocrx_word' id='word_1_287' title='bbox 1155 4076 1196 4122; x_wconf 85' lang='lat' dir='ltr'>est.</span> 
     </span>
    </p>
   </div>
   <div class='ocr_carea' id='block_1_5' title="bbox 144 4163 1233 4321">
    <p class='ocr_par' dir='ltr' id='par_1_6' title="bbox 144 4163 1233 4321">
     <span class='ocr_line' id='line_1_34' title="bbox 144 4163 405 4225; baseline -0.011 -10"><span class='ocrx_word' id='word_1_288' title='bbox 144 4163 163 4225; x_wconf 75' lang='lat'>⁷)</span> <span class='ocrx_word' id='word_1_289' title='bbox 181 4166 245 4216; x_wconf 87' lang='lat' dir='ltr'>Suet.</span> <span class='ocrx_word' id='word_1_290' title='bbox 263 4165 347 4214; x_wconf 85' lang='lat' dir='ltr'>Claud.</span> <span class='ocrx_word' id='word_1_291' title='bbox 366 4165 405 4212; x_wconf 85' lang='lat'>25.</span> 
     </span>
     <span class='ocr_line' id='line_1_35' title="bbox 144 4253 1233 4321; baseline -0.004 -14"><span class='ocrx_word' id='word_1_292' title='bbox 144 4254 163 4318; x_wconf 60' lang='grc' dir='ltr'>ὅ)</span> <span class='ocrx_word' id='word_1_293' title='bbox 181 4257 217 4306; x_wconf 76' lang='lat' dir='ltr'>ct.</span> <span class='ocrx_word' id='word_1_294' title='bbox 239 4257 318 4321; x_wconf 83' lang='lat' dir='ltr'>Mnrq.</span> <span class='ocrx_word' id='word_1_295' title='bbox 337 4254 447 4305; x_wconf 70' lang='lat' dir='ltr'>Privet12.</span> <span class='ocrx_word' id='word_1_296' title='bbox 466 4271 518 4318; x_wconf 78' lang='lat' dir='ltr'>pag.</span> <span class='ocrx_word' id='word_1_297' title='bbox 537 4255 583 4304; x_wconf 77' lang='lat'>190</span> <span class='ocrx_word' id='word_1_298' title='bbox 593 4275 599 4314; x_wconf 88' lang='lat'>;</span> <span class='ocrx_word' id='word_1_299' title='bbox 620 4255 723 4313; x_wconf 79' lang='lat' dir='ltr'>wellen,</span> <span class='ocrx_word' id='word_1_300' title='bbox 741 4255 804 4306; x_wconf 86' lang='lat' dir='ltr'>Hist.</span> <span class='ocrx_word' id='word_1_301' title='bbox 821 4255 850 4304; x_wconf 88' lang='lat' dir='ltr'>de</span> <span class='ocrx_word' id='word_1_302' title='bbox 867 4253 883 4302; x_wconf 90' lang='lat' dir='ltr'>l&#39;</span> <span class='ocrx_word' id='word_1_303' title='bbox 896 4253 966 4311; x_wconf 69' lang='lat' dir='ltr'>Escl„</span> <span class='ocrx_word' id='word_1_304' title='bbox 984 4253 1034 4302; x_wconf 75' lang='lat'>111²</span> <span class='ocrx_word' id='word_1_305' title='bbox 1048 4269 1101 4318; x_wconf 78' lang='lat' dir='ltr'>pag.</span> <span class='ocrx_word' id='word_1_306' title='bbox 1121 4254 1152 4304; x_wconf 85' lang='lat'>62</span> <span class='ocrx_word' id='word_1_307' title='bbox 1170 4270 1233 4318; x_wconf 85' lang='lat' dir='ltr'>seqq.</span> 
     </span>
    </p>
   </div>
   <div class='ocr_carea' id='block_1_6' title="bbox 0 0 1597 5130">
    <p class='ocr_par' dir='ltr' id='par_1_7' title="bbox 0 0 1597 5130">
     <span class='ocr_line' id='line_1_36' title="bbox 0 0 1597 5130; baseline 0 0"><span class='ocrx_word' id='word_1_308' title='bbox 0 0 1597 5130; x_wconf 95' lang='lat' dir='ltr'> </span> 
     </span>
    </p>
   </div>
  </div>
 </body>
</html>
