3040 5134
597 583 662 652 163

49 759 210 826 affirmare
234 764 368 847 poterat
390 760 443 827 vel
466 762 556 848 ipsos
579 761 634 830 vel
657 782 779 828 eorum
801 766 952 848 posteros
975 782 1045 828 non
1068 761 1112 828 ad
1130 781 1211 847 opes

50 893 112 938 esse
146 873 384 960 processuros?
409 873 433 962 ¹)
479 875 621 942 Accedit
656 875 748 962 quod
781 896 887 962 panes
923 874 1070 959 siliginei
1102 874 1212 940 distri·

50 983 246 1067 buebantur,
279 987 301 1052 i.
327 1008 354 1052 e.
379 1009 485 1075 panes
508 1010 526 1055 e
549 987 770 1054 subtilissima
792 988 904 1054 farina
926 989 1023 1055 cocti.
1070 987 1106 1054 Si
1129 1009 1211 1074 pau·

50 1099 179 1185 peribus
213 1100 374 1166 destinati
408 1107 528 1183 essent,
561 1123 725 1168 curcum
748 1101 899 1168 maxime
924 1108 995 1168 tam
1018 1101 1212 1188 sumptuosi

51 1233 148 1297 panes
181 1213 440 1306 deligerentur?
463 1213 489 1301 Β)
535 1215 636 1294 Quod
671 1222 787 1281 autem
821 1214 864 1280 ad
899 1235 1053 1281 annonas
1076 1214 1211 1295 civicas,

50 1325 112 1390 iam
148 1327 262 1413 ipsum
297 1348 425 1393 nomen
456 1328 586 1394 indicat
618 1350 675 1395 eas
705 1329 742 1394 in
769 1328 969 1396 universum
990 1327 1034 1393 ad
1057 1328 1158 1408 cives,
1182 1326 1208 1415 8)

52 1459 114 1504 non
148 1439 192 1505 ad
227 1448 365 1526 egentes
388 1440 476 1508 solos
498 1442 711 1529 pertinuisse.
762 1441 886 1508 Variae
910 1441 1035 1507 harum
1058 1462 1212 1508 annona·

52 1573 121 1618 rum
140 1553 267 1640 species
279 1561 601 1622 commemorantur.
648 1554 889 1640 Erogabantur
903 1553 1072 1642 palatinis,
1085 1555 1112 1641 4)
1125 1553 1212 1620 mili·

52 1665 172 1732 taribus
205 1667 289 1733 viris
313 1667 337 1753 Β)
371 1688 430 1734 seu
466 1668 632 1734 militibus
655 1667 830 1735 nonnullis
853 1667 889 1733 in
914 1667 997 1734 urbe
1023 1668 1213 1734 Constanti·

52 1779 250 1864 nopolitana,
287 1787 371 1867 puta
393 1781 517 1848 scholis
545 1781 772 1869 quibusdam3
798 1780 824 1867 ⁶)
846 1781 929 1848 item
953 1781 1212 1868 aedificantibus

52 1911 124 1956 cum
157 1893 193 1957 in
229 1892 312 1959 urbe
340 1894 452 1960 Rome
475 1894 502 1980 7)
525 1902 600 1961 tum
623 1896 659 1960 in
684 1895 767 1962 urbe
792 1893 1097 1980 Constantinopoli,
1122 1894 1148 1977 ⁸)
1173 1916 1224 1998 eoN

52 2005 184 2072 consilio
218 2012 256 2071 ut
290 2007 492 2076 aedificandi
527 2009 639 2075 studio
676 2008 877 2094 magnitudo
901 2007 995 2074 urbis
1018 2014 1211 2093 augeretur.

53 2117 150 2184 Aliud
183 2119 289 2204 igitur
323 2141 479 2188 annonae
514 2122 641 2188 civicae
676 2143 737 2208 per
770 2143 805 2188 se
841 2121 1082 2204 consideratae,
1118 2121 1213 2188 aliud

53 2234 217 2312 egentium
242 2254 334 2299 cura.
380 2234 449 2314 Qui
472 2234 613 2301 domum
638 2235 816 2301 aedificare
840 2235 954 2321 possit,
968 2256 1048 2302 eum
1061 2235 1211 2322 profecto

53 2365 146 2411 nemo
169 2352 326 2439 egentem
350 2347 545 2435 appellabit.
570 2349 597 2435 9)

81 2487 99 2548 l)
132 2491 193 2539 Bene
210 2491 348 2550 Rodbertus,
366 2491 383 2542 l.
401 2493 418 2542 l.
437 2510 488 2558 pag.
509 2496 573 2543 395:
593 2495 752 2560 „(Anrolisn),
769 2495 810 2544 der
826 2493 864 2543 bei
882 2494 946 2542 einer
962 2493 1089 2558 speciellen
1100 2493 1214 2557 Gelegen·

53 2570 95 2620 heit
110 2573 147 2622 fiir
162 2574 200 2622 die
216 2573 349 2634 damuligeu
366 2575 517 2640 Sbtdtbiirger
533 2579 605 2626 Βοωι
623 2579 673 2627 und
690 2579 760 2627 deren
778 2577 1034 2626 Nachkcmmenschult
1052 2605 1083 2614 —-
1101 2577 1168 2625 nicht
1178 2576 1213 2626 als

53 2655 124 2714 ilrme,
141 2658 238 2706 eundern
257 2656 293 2706 als
309 2658 472 2722 Zeitgenossen
491 2661 567 2710 scinci·
583 2662 722 2710 usiatischen
742 2661 809 2724 stege
827 2687 858 2696 —
879 2660 931 2708 eine
946 2659 1214 2724 bestimmteQusntittt

54 2735 153 2787 Freibrod
169 2740 195 2788 in
212 2740 277 2788 einer
294 2739 444 2791 bestimmten
461 2743 531 2792 Form
549 2745 635 2793 stiltete
648 2780 736 2793 ......
737 2744 753 2764 ”

82 2820 99 2881 ²)
130 2822 164 2871 De
188 2823 232 2871 hoc
258 2839 317 2887 lune
342 2823 452 2889 siligineo
478 2827 575 2890 quidem
601 2828 658 2876 Mau
684 2827 746 2893 apud
764 2826 972 2890 Psnly·Wissowa,
989 2826 1158 2889 Rscldlncycl.
1175 2825 1214 2874 11²

55 2917 70 2949 s.
93 2919 113 2951 v.
130 2904 250 2962 Bdckerei‚
269 2921 320 2970 pag.
339 2907 420 2960 2736:
439 2909 488 2973 ,ns
501 2910 599 2969 scheint,
617 2910 670 2958 dsss
687 2910 712 2958 in
731 2914 833 2974 spector
850 2909 908 2967 Zeit,
925 2909 960 2957 als
978 2925 1033 2958 mun
1051 2909 1089 2957 dis
1105 2909 1212 2957 Brotsor-

55 2987 88 3033 ten
104 2987 166 3037 nicht
183 2989 250 3037 mehr
268 2989 326 3037 nach
344 2991 389 3039 den
406 2992 592 3042 Getreidssortau
610 2993 766 3049 nnterschied,
779 2991 853 3057 panis
869 2991 1214 3056 silipimsdieallgemeinere

54 3066 179 3135 Bedeutuug
203 3072 282 3120 lsineu
308 3072 390 3121 Brotes
417 3075 529 3133 anuslrm,
556 3076 619 3125 Hist.
647 3078 707 3140 Aug.
726 3074 807 3125 Aurel.
827 3075 866 3132 35,
887 3075 916 3132 l;
935 3075 997 3124 deun
1014 3091 1039 3123 es
1056 3075 1088 3124 ist
1104 3074 1213 3138 gituzlich

55 3151 204 3214 nnglsublich,
231 3155 284 3203 dass
309 3171 362 3204 man
385 3173 427 3206 nur
448 3158 586 3223 Verteilung
603 3176 632 3208 sn
650 3159 691 3208 das
708 3159 770 3208 Vollr
787 3158 825 3208 die
841 3158 942 3222 weniger
960 3158 1080 3207 nahrhuste
1098 3159 1147 3207 und
1164 3157 1212 3207 viel

55 3235 134 3283 teurere
150 3273 155 3285 .
174 3273 179 3285 .
196 3237 269 3300 silipo
286 3238 386 3301 gewithlt
402 3240 478 3290 baben
496 3240 573 3290 sollte.
608 3242 637 3290 So
654 3241 760 3302 erklttrsn
777 3241 837 3290 auch
854 3241 892 3290 die
909 3240 1008 3290 Glossen
1026 3241 1151 3304 eilipineus
1168 3241 1213 3290 mit

55 3313 176 3393 καθαρός
195 3319 314 3394 ἄρτος.”
349 3333 381 3378 At
398 3331 490 3381 etiamsi
507 3333 551 3380 hoc
569 3348 649 3381 verum
668 3333 708 3390 sit,
725 3348 795 3397 penes
812 3332 854 3396 qui
872 3331 1019 3381 donabuntur
1036 3326 1101 3380 erunt
1110 3332 1214 3395 optimae

55 3417 122 3470 notae,
138 3431 184 3464 nou
200 3415 339 3464 secundarii
355 3415 398 3480 qui
416 3414 569 3464 vocabantur.

83 3492 101 3552 ³)
131 3497 167 3546 Sic
184 3498 242 3547 cod.
260 3498 347 3548 Theoti.
365 3497 382 3546 l.
398 3497 415 3546 l.
434 3499 447 3545 5
466 3499 562 3548 cives
580 3499 725 3547 Romsni
746 3498 894 3562 „triginlaat
912 3515 950 3547 sex
968 3498 1050 3547 unciss
1068 3497 1094 3546 in
1111 3496 1212 3545 bucellis

56 3589 89 3623 sex
102 3581 191 3629 mundis
208 3581 260 3630 sine
278 3581 367 3646 pretio'¹
385 3582 532 3629 consecuturi
545 3597 595 3630 esse
612 3581 730 3630 dicuutur.

85 3659 101 3716 ⁴)
130 3662 188 3712 Ibid.
207 3663 231 3716 7.

86 3741 101 3799 ⁸)
130 3745 189 3794 Ibid.
211 3746 243 3804 73
262 3746 301 3795 11,

85 3824 102 3884 ⁸)
131 3827 484 3887 Itid.8;9;10;11;12.

86 3904 102 3964 7)
131 3910 190 3960 Ibid.
210 3913 233 3960 b.

86 3987 102 4049 Β)
131 3993 375 4053 1bid.1;11;1a;
397 3995 435 4043 13.
479 3994 513 4043 De
535 3995 580 4044 hoc
606 4011 681 4060 „pene
697 3993 837 4044 domorum''
854 3993 908 4043 vide
924 3993 995 4042 etism
1012 3991 1135 4041 Kraknuor
1151 4010 1172 4041 o.
1189 4009 1210 4040 c.

58 4083 101 4133 pug-
115 4077 151 4125 45.

20 4209 23 4216 ,
87 4152 102 4213 ’)
130 4159 238 4210 Notabile
264 4177 358 4226 qnoque
375 4161 438 4224 quod
456 4160 592 4209 Hirschfeld
609 4160 691 4210 scribit
704 4161 758 4222 (Die
775 4159 1003 4225 Sicherheitspolisei
1020 4164 1063 4208 etc.
1080 4159 1098 4208 l.
1116 4159 1151 4218 1.),
1169 4159 1210 4223 qui

59 4249 115 4296 “80¹³
138 4242 165 4292 ds
189 4244 255 4294 tituli
280 4245 411 4306 fragmento
437 4242 464 4292 0.
491 4243 510 4291 I.
528 4243 554 4291 Ιι.
572 4243 613 4301 VI,
632 4243 705 4301 1766,
722 4246 816 4307 propter
833 4245 906 4291 certas
925 4243 1038 4306 quasdam
1057 4242 1211 4307 professiones

59 4321 134 4373 lituro
149 4327 277 4378 nonnullos
297 4328 323 4377 in
345 4327 413 4394 penis
430 4326 608 4376 distributiones
625 4327 662 4375 ius
679 4325 789 4376 habuisse
805 4325 895 4375 statuit.
