3084 5128
609 577 674 644 239

66 757 126 818 erat
145 775 223 820 cum
247 743 487 824 Romanorum
509 761 543 823 et
565 755 705 842 ingenia
727 759 761 822 et
783 754 978 822 maresiam
991 755 1119 822 fiebant
1132 755 1221 822 miti-

21 937 22 940 ,
66 887 122 932 ora.
145 865 169 954 ¹)
214 868 345 936 Multos
367 868 505 937 tenebat
528 869 693 956 sapientia
717 869 838 948 Stoica,
863 891 951 956 quae
964 868 1107 936 docebat
1121 875 1219 937 natu·

21 1051 22 1054 ,
65 1001 127 1046 ram
147 1002 268 1049 omnes
290 983 448 1051 homines
470 991 504 1050 et
526 989 688 1069 cognatos
710 983 853 1050 edidisse
866 989 900 1050 et
914 981 1089 1050 sociabiles
1102 984 1218 1050 fecisse

21 1167 22 1170 ¹
64 1093 238 1183 iisdemque
265 1119 417 1165 amorem
441 1098 603 1164 indidisse
626 1103 797 1164 mutuum.
825 1097 876 1164 De
902 1095 1127 1164 beneficentia
1137 1118 1219 1183 qno·

20 1239 22 1266 t
65 1228 118 1293 que
139 1209 272 1277 Stoicae
296 1217 405 1278 sectae
427 1211 623 1299 philosophi
647 1210 756 1278 multa
768 1210 940 1298 praeclare
953 1209 1218 1298 praecipiebant.

20 1325 22 1384 l
65 1320 147 1388 Unus
179 1323 313 1391 Seneca
336 1346 450 1392 nonne
472 1331 602 1412 septem
625 1322 729 1390 libros
752 1324 951 1411 conscripsit
974 1323 1016 1391 de
1040 1324 1219 1392 Beneficiis

20 1443 22 1462 ¹
64 1439 90 1499 et
117 1436 198 1503 duos
235 1437 280 1504 de
315 1437 533 1504 Clementia?
562 1439 617 1504 Ex
641 1437 767 1525 quibus
789 1438 874 1506 haec
897 1437 1029 1523 collige.
1054 1437 1218 1523 Legimus

63 1547 103 1614 De
134 1550 250 1617 Benel.
285 1552 312 1632 I,
349 1554 378 1632 6,
411 1551 615 1633 1:,Quid
642 1557 714 1618 est
740 1572 854 1636 ergo
883 1550 1221 1619 beneficium?

63 1659 293 1731 benevola
323 1665 454 1732 actio
483 1665 715 1732 tribuens
741 1664 974 1750 gaudium
1000 1666 1220 1753 capiens·

64 1796 136 1860 que
181 1777 465 1861 tribuendo,
501 1778 630 1845 inid
665 1778 790 1866 quod
825 1779 1139 1867 facitprcna
1174 1785 1219 1847 et

63 1898 221 1975 sponte
270 1892 1221 1980 suaparata.’'—II,1,1:,Sicdemu3,

64 2006 288 2088 quomodo
334 2005 575 2074 vellemus
620 2007 862 2094 accipere.
910 2012 1023 2073 ante
1058 2006 1222 2074 omnia

64 2114 282 2201 libenter,
329 2119 440 2201 eitc,
486 2120 594 2187 sine
637 2119 742 2185 ulla
788 2117 1141 2186 dubitatione.’'
1176 2158 1221 2170 —

63 2227 98 2310 ll,
129 2233 158 2313 9,
194 2233 237 2314 23
276 2233 327 2314 10,
365 2234 405 2299 l:
445 2232 560 2314 ,Quae
585 2283 592 2300 .
618 2285 626 2300 .
656 2239 989 2300 ....succurruut
1011 2232 1214 2315 infirmitati,

62 2346 195 2426 egestati,
231 2346 453 2431 ignominiae,
488 2347 589 2414 tacite
624 2346 738 2413 danda
768 2352 858 2429 sunt,
882 2352 921 2412 ut
944 2351 1025 2413 nota
1047 2347 1116 2413 sint
1139 2346 1218 2414 solis

64 2456 170 2542 quibus
205 2449 359 2546 prosunt.
412 2460 669 2527 Interdum
703 2461 853 2527 etiam
885 2461 1002 2546 ipse,
1039 2461 1122 2548 qui
1156 2461 1219 2528 iu·

63 2577 199 2654 vetur,
236 2572 498 2640 fallendus
532 2579 614 2655 est,
649 2572 836 2640 utbabeat
860 2595 922 2641 nec
946 2595 966 2640 a
990 2594 1219 2662 quoeccepe·

63 2683 96 2748 rit
113 2686 230 2766 sciatst',
250 2724 294 2735 —
316 2686 361 2767 ΙΙ,
394 2687 447 2768 11,
471 2687 512 2754 6:
541 2686 657 2768 „Nihil
680 2709 789 2774 aeque
806 2688 842 2753 in
856 2686 1021 2754 beneficio
1034 2687 1218 2754 vitandum

63 2803 101 2862 est
130 2820 237 2886 quam
259 2799 449 2888 superbia.'’
473 2839 517 2852 -
543 2801 605 2882 IV,
629 2802 672 2866 3:
698 2800 939 2882 ,Beneficium
963 2801 1006 2867 de
1031 2821 1099 2888 quo
1123 2822 1217 2868 nunc

63 2911 168 2995 agitur,
193 2913 285 2980 'dare
320 2913 455 2980 virtutis
490 2919 540 2980 est
574 2919 608 2981 et
642 2914 878 3001 turpissimum
913 2913 949 2979 id
983 2934 1086 2980 causa
1114 2913 1218 2981 ullius
1343 2917 1344 2920 ’

63 3021 184 3093 alterius
218 3027 268 3094 rei
303 3027 393 3109 dare,
429 3049 535 3116 quam
569 3033 608 3093 ut
631 3027 752 3094 datum
774 3027 818 3094 sit
842 3078 850 3094 .
875 3078 883 3094 .
909 3078 917 3094 .
943 3075 951 3091 .
976 3078 984 3094 .
1009 3041 1021 3091 .·
1043 3077 1051 3094 .
1075 3034 1216 3096 nonest

64 3133 252 3206 beneficium
292 3141 384 3228 quod
418 3141 462 3207 ad
497 3142 671 3208 fortunam
705 3147 844 3227 spectat.
890 3141 1079 3220 Praeterea,
1115 3141 1143 3208 si
1178 3148 1217 3209 ut

64 3252 283 3332 prodessemus
318 3253 388 3320 sola
422 3275 484 3320 uos
517 3254 680 3323 invitaret
714 3253 852 3336 utilitas,
883 3255 1026 3321 minime
1050 3254 1217 3323 beneficia

63 3361 247 3434 distribuere
283 3366 457 3447 deberent,
494 3368 555 3455 qui
589 3366 752 3434 facillime
786 3373 933 3454 possent,
968 3368 1155 3456 locupletes
1182 3376 1218 3437 et

64 3482 201 3559 potentes
224 3487 258 3547 et
280 3502 376 3566 reges
400 3479 512 3548 aliena
534 3501 597 3569 ope
622 3503 691 3548 non
710 3479 923 3567 indigentes.
938 3482 983 3548 di
1006 3503 1121 3551 vero
1145 3489 1217 3550 tot

65 3607 255 3676 munera,
288 3615 375 3682 quae
399 3594 505 3661 sine
540 3594 921 3662 intermissione
956 3593 1130 3661 diebus
1165 3616 1215 3662 ac

65 3705 278 3774 noctibus
312 3708 543 3790 fundunt,
578 3729 648 3775 non
682 3707 804 3776 darent
829 3756 1002 3774 ......
1024 3707 1121 3773 Istud
1144 3728 1215 3774 non

20 3903 21 3912 ἵ
66 3810 261 3902 beneficium,
297 3821 355 3888 sed
390 3822 489 3888 fenus
524 3828 584 3904 est,
621 3822 881 3909 circumspicere
905 3841 974 3886 non
1002 3818 1062 3886 ubi
1086 3820 1214 3906 optime

67 3946 165 4014 ponas,
200 3934 257 4000 sed
287 3933 348 4001 ubi
373 3936 668 4021 quaestuosissime
692 3935 829 4017 habeas,
853 3935 944 4000 unde
969 3932 1129 4000 facillime
1153 3932 1213 3999 tol·

67 4037 131 4107 las.''
154 4083 196 4095 -
218 4048 279 4130 IV,
304 4049 356 4130 11,
381 4049 421 4116 3:
449 4049 578 4136 „Atqui
600 4056 639 4116 ut
659 4049 744 4116 scias
767 4070 841 4115 rem
856 4070 918 4136 per
936 4069 970 4114 se
983 4046 1211 4135 expetendam

72 4196 246 4222 ῂ--η

96 4303 110 4364 ¹)
139 4307 173 4358 Ol.
190 4310 294 4361 Prooem.
312 4327 364 4376 pag.
384 4311 414 4360 la
433 4328 496 4377 seqq.
612 4316 613 4320 ’
