3040 5134
607 603 649 669 97

51 777 222 864 Appianus
261 779 431 846 coloniam
471 780 514 845 ab
555 780 710 866 Augusto
750 783 892 850 demum
933 807 1003 852 esse
1038 785 1199 851 eonst'tu-

52 899 125 957 tarn.

90 1007 129 1071 In
161 1005 272 1071 turbis
306 1007 508 1088 domesticis
534 1031 618 1095 quas
640 1010 813 1076 triumviri
836 1012 885 1076 rei
908 1011 1064 1098 publicae
1088 1011 1210 1079 consti-

52 1120 187 1187 tuendae
223 1121 261 1186 in
295 1121 438 1208 imperio
472 1123 630 1187 Romano
663 1123 901 1206 moliebantur,
927 1125 1092 1212 quicquid
1115 1126 1152 1190 in
1175 1147 1210 1190 re

53 1235 175 1318 agraria
198 1234 309 1300 latum
333 1242 391 1318 est,
417 1258 457 1301 ea
480 1236 542 1301 etsi
565 1236 609 1301 ad
632 1235 741 1322 plebis
767 1238 899 1322 egentis
922 1238 1106 1304 utilitatem
1118 1238 1212 1304 vide·

53 1346 167 1413 bantur
203 1371 273 1414 esse
308 1355 472 1435 suscepta,
507 1349 695 1415 necessario
719 1356 834 1416 tamen
860 1351 904 1417 ad
928 1351 1078 1417 militnm
1102 1352 1212 1436 magis

53 1462 223 1528 commoda
246 1462 454 1548 spectabant.
480 1462 506 1550 ¹)
540 1462 681 1528 Sullana
712 1471 866 1550 tempora
889 1465 1025 1532 rediisse
1053 1465 1213 1532 videban-

52 1581 109 1639 tur.
142 1576 211 1654 Qui
245 1583 328 1642 tunc
362 1576 526 1644 vivebant
561 1584 679 1664 poetae
714 1599 833 1644 omnes
856 1579 925 1644 fere
952 1586 1144 1666 queruntur
1167 1579 1209 1644 de

51 1687 167 1754 iniuria
190 1689 255 1755 sibi
278 1712 299 1755 a
322 1690 488 1756 militibus
511 1690 615 1757 illata.
662 1691 825 1770 Queritur
850 1693 1024 1773 Horatius,
1048 1692 1074 1779 ¹)
1100 1693 1211 1780 queri-

53 1808 101 1866 tur
132 1803 298 1885 Tibullus,
312 1802 338 1890 8)
363 1805 517 1891 queritur
550 1805 756 1891 Propertius
770 1806 796 1894 ⁴)
822 1807 977 1893 queritur
1001 1807 1106 1872 etiam
1129 1807 1213 1872 Ver-

54 1915 195 2004 gilius.⁵)
229 1917 302 1983 Nec
336 1919 473 2000 mirum,
499 1941 579 1984 cum
604 1926 681 2006 post
704 1920 874 2005 proelium
898 1920 1119 2006 Philippense
1143 1941 1213 1984 am-

54 2029 133 2113 plius
167 2016 295 2096 CLXX
318 2031 470 2099 militum
492 2032 631 2098 milibus
654 2040 740 2098 esset
763 2034 1050 2120 prospiciendum,
1067 2032 1093 2120 6)
1118 2033 1211 2120 qnod

55 2143 117 2208 sine
139 2144 388 2230 possidentium
411 2146 585 2211 eversione
609 2146 683 2212 fieri
706 2168 776 2212 non
799 2153 940 2233 poterat.
954 2145 980 2234 7)
1054 2151 1059 2158 ’

378 2321 402 2366 1.
437 2299 691 2386 Imperatorum
716 2307 881 2387 tempora.

93 2452 259 2540 Tempora
293 2453 353 2518 illa
386 2453 435 2518 rei
468 2453 625 2540 publicae
659 2454 860 2535 tristissima,
897 2454 938 2520 de
964 2454 1087 2542 quibus
1112 2454 1214 2519 modo

56 2566 187 2648 egimus,
213 2567 311 2653 quasi
333 2567 495 2632 transitus
519 2573 616 2633 erant
639 2567 683 2633 ad
705 2568 948 2654 principatum.
975 2567 1088 2646 Quem
1111 2567 1215 2632 armis

57 2681 240 2764 quaesitum
274 2681 378 2746 armis
412 2682 520 2746 teneri
555 2703 689 2747 necesse
721 2688 802 2747 erat.
848 2681 920 2746 Nec
945 2681 1073 2746 mirum
1096 2681 1215 2765 Augu-

55 2799 146 2875 stum,
188 2816 269 2860 cum
291 2794 440 2860 colonias
462 2795 594 2860 iniussu
617 2802 753 2861 senatus
776 2794 831 2862 vel
854 2794 973 2881 populi
996 2793 1211 2859 deducendas

54 2914 186 2988 curaret,
222 2908 263 2974 de
288 2907 439 2974 militum
462 2909 678 2996 potissimum
702 2908 890 2974 commodis
912 2908 1122 2993 cogitavisse.
1169 2906 1212 2971 In

54 3017 270 3087 Monumento
304 3023 488 3108 Aneyrano
523 3044 621 3107 agros
656 3023 707 3088 bis
742 3044 817 3087 ase
843 3022 970 3088 divisos
996 3039 1066 3087 esse
1090 3020 1212 3105 gloria·
1261 3082 1263 3086 .

54 3137 116 3200 tur:
143 3135 350 3216 „Pecuniam
373 3136 463 3223 [pro]
487 3137 586 3222 agris,
612 3136 696 3223 quos
730 3136 766 3200 in
800 3135 979 3201 consulatu
1012 3134 1212 3222 1111611111-

57 3349 237 3365 ᾗ..-

86 3493 102 3553 1)
118 3495 214 3559 Singula
239 3497 299 3544 lacta
323 3497 397 3560 igitur
422 3497 517 3545 silentio
534 3500 657 3561 praetereo,
675 3497 812 3562 pracsertim
829 3513 883 3545 cum
901 3495 1030 3545 nonnullae
1047 3495 1116 3558 leges,
1135 3499 1162 3544 111
1178 3494 1213 3544 M.

58 3575 149 3625 Antonii
174 3579 200 3627 de
225 3579 325 3627 coloniis
351 3579 377 3628 in
406 3596 472 3644 agros
498 3580 639 3629 deducendis
657 3583 680 3628 et
697 3580 764 3629 Lucii
782 3581 860 3628 fratris
878 3581 974 3644 agraria,
992 3579 1046 3628 odio
1063 3578 1212 3642 optimatium

59 3658 161 3719 sublatae,
178 3663 273 3711 nullum
290 3649 398 3712 effectum
414 3663 550 3713 habuerint.

87 3741 315 3808 ἢὴηῆω

88 3825 107 3886 ³)
123 3827 142 3885 1,
162 3828 182 3886 l,
200 3829 246 3887 193
265 3830 306 3888 IV,
325 3830 347 3888 1,
367 3830 423 3878 182.

88 3909 106 3969 ⁴)
123 3909 163 3968 IV,
181 3913 202 3970 1,
221 3913 276 3962 129.

90 3992 107 4052 ⁶)
123 3993 199 4059 Eclog.
217 3997 241 4054 9,
259 3997 291 4044 28
301 4017 307 4053 ;
326 3997 362 4046 Of.
381 3998 451 4047 Mart.
469 3998 536 4057 VIII,
555 4000 595 4047 56.

89 4076 106 4135 ⁶)
123 4077 159 4125 cf.
175 4081 275 4144 Appian.
293 4080 320 4130 B.
339 4082 358 4129 O
383 4081 412 4139 V,
431 4082 453 4129 5.

90 4157 109 4219 ⁷)
134 4160 170 4209 Ne
193 4163 309 4212 damnum
327 4165 424 4228 quidem
441 4164 569 4213 deturbatis
587 4163 724 4212 restituendi
742 4159 874 4210 triumviris
887 4159 954 4223 copia
971 4162 1026 4215 erat,
1044 4159 1152 4222 quamvis
1170 4156 1218 4206 vel-

69 4239 122 4292 lent.
149 4243 182 4293 De
195 4247 238 4295 hac
255 4264 280 4296 re
297 4249 326 4297 11.
344 4247 447 4296 81111111
464 4276 495 4284 -
513 4248 554 4312 qui
569 4247 706 4297 summatim
724 4246 752 4293 de
769 4245 927 4292 Romanorum
937 4241 1133 4306 1111111111ςί1-
1143 4241 1220 4290 inlu.

65 4339 85 4371 v.
101 4321 155 4375 1131
171 4329 263 4379 Η111111).
281 4330 322 4389 IV,
340 4330 375 4390 2²,
392 4346 444 4396 pag.
463 4330 510 4383 174
528 4347 575 4394 seq.

1109 4417 1129 4482 7
