3084 5128
644 635 709 700 263

4 848 8 903 ς
87 813 146 901 qui
170 836 242 881 non
266 811 432 880 baberent
455 813 546 880 unde
571 821 759 892 uterentur,
787 819 821 878 et
842 813 879 878 id
891 833 1000 898 genus
1013 812 1081 879 alii.
1110 811 1259 879 Clientes

4 933 8 1008 t,
86 949 154 993 non
190 948 311 994 omnes
334 928 435 993 fuisse
459 926 627 1012 indignos,
654 926 779 1014 quibus
804 932 1072 1005 succurreretur,
1097 925 1260 1012 equidem

5 1084 8 1107 .
85 1062 155 1106 non
202 1041 346 1126 negabo,
389 1061 500 1127 neque
537 1061 616 1106 vero
652 1041 741 1106 iuter
779 1040 975 1120 „dominos”
1013 1037 1037 1124 ¹)
1073 1038 1258 1105 nonnullos

5 1180 7 1201 ·
86 1155 188 1220 fuisse
215 1175 293 1220 vore
318 1155 498 1224 humanos.
521 1152 548 1240 Ι)
594 1152 741 1219 Illorum
762 1160 877 1218 tamen
890 1153 991 1238 longe
1005 1152 1144 1239 plurimi
1160 1151 1259 1218 valde

86 1275 184 1333 eraut
216 1268 411 1334 miserandi.
458 1269 552 1352 Toga
575 1268 691 1333 amicti
715 1305 759 1316 —
781 1265 808 1353 8)
832 1266 1004 1334 eumalio
1028 1267 1153 1333 vestitu
1182 1264 1259 1346 ,do-

87 1383 204 1448 rnino”
229 1389 362 1468 praesto
385 1403 455 1448 esse
481 1402 549 1446 non
572 1381 697 1447 licebat
721 1419 765 1430 -
788 1381 832 1446 ad
848 1381 960 1447 officia
972 1379 1176 1467 praestanda
1188 1380 1258 1444 iam

86 1504 191 1562 noctu
218 1495 271 1561 vel
295 1495 407 1582 prima
429 1494 642 1561 luce'itiueri
667 1517 700 1560 se
724 1495 936 1560 committere
950 1494 1114 1560 solebant.
1139 1494 1166 1579 4)
1188 1493 1259 1560 Nec

86 1609 199 1675 ventis
224 1608 549 1695 tempestatibusque
576 1629 636 1675 nec
661 1608 795 1672 viarum
818 1607 891 1673 luto
915 1629 978 1674 nec
1003 1607 1261 1692 longinquitati-

86 1723 150 1790 bus
185 1722 437 1788 detinebantur.
473 1726 497 1802 ⁸)
541 1722 714 1801 Quorsum
751 1742 833 1787 vero
869 1720 1044 1806 spectabat
1080 1720 1165 1787 haec
1189 1726 1261 1786 tam

86 1837 239 1903 officiosa
279 1834 467 1902 sedulitas?
524 1835 691 1902 Omnium
729 1857 810 1902 sane
844 1835 1030 1921 praecipua.
1067 1855 1150 1901 cura
1188 1841 1260 1899 erat

87 1949 248 2016 salutatio
283 1949 461 2014 matutina.
523 1949 624 2015 Multi
663 1957 776 2015 tauron
815 1970 876 2035 per
913 1954 1025 2014 totum
1062 1948 1131 2014 fere
1168 1946 1260 2012 diem

90 2061 315 2144 „domiuum”
351 2062 478 2149 ubique
513 2063 685 2150 prosequi.
708 2062 887 2144 debebant,
925 2061 951 2147 ⁶)
990 2061 1037 2142 ,si
1061 2061 1096 2126 in
1121 2059 1260 2126 turbam

88 2176 272 2258 incidebat,
296 2184 436 2242 cunctos
459 2176 608 2243 umbone
632 2177 804 2264 repellere,
828 2177 882 2244 vel
907 2177 934 2242 si
962 2176 1003 2241 lis
1026 2180 1108 2256 erat,
1129 2175 1261 2258 ingenti

88 2291 200 2356 facere
235 2290 389 2357 convicia
424 2291 538 2356 voce.''
575 2289 600 2375 7)
658 2273 836 2379 Quidquid
871 2291 1020 2377 donique
1056 2287 1261 2376 loquebatur

89 2403 304 2490 faciebatque
339 2403 546 2470 laudabant:
593 2403 619 2490 8)
653 2406 680 2470 si
715 2405 868 2471 carmina
902 2403 1074 2485 recitabat,
1111 2423 1262 2486 assurge·

98 2615 293 2626 ..—-——-

126 2749 144 2810 ¹)
179 2748 285 2798 Clientes
302 2754 411 2812 patronos
428 2743 534 2799 dominos
551 2750 587 2798 vel
605 2765 670 2814 repes
686 2750 804 2816 appellare
818 2750 929 2800 solebant.
949 2751 986 2799 (tl.
1006 2749 1092 2800 Friedl.
1111 2766 1133 2799 0.
1150 2748 1167 2796 l.
1178 2749 1264 2813 1⁶1ag.

93 2833 158 2889 385;
178 2832 254 2895 Marq.
272 2831 289 2880 Ι.
308 2831 325 2881 Ι,
343 2848 395 2897 pag.
413 2832 470 2881 206.

125 2919 144 2971 ²)
182 2913 219 2962 Cf.
237 2915 323 2963 Friedl.
341 2914 359 2964 l.
378 2914 394 2964 l.
412 2931 464 2979 pag.
483 2915 531 2964 390
549 2916 577 2964 de
595 2916 687 2964 Pisone.

125 3002 146 3062 ³)
180 3002 323 3064 Sumptuosa
339 2998 383 3046 illa
403 2999 499 3063 quidem
516 3000 641 3064 eademque
658 3006 741 3048 aestate
758 3001 856 3048 molesta
874 2999 962 3048 vestis!

128 3087 146 3145 4)
181 3084 234 3132 Iuv.
252 3082 280 3140 V,
300 3082 329 3129 19
348 3097 428 3146 seqq:

396 3164 517 3228 „Trebius
535 3167 708 3230 propterquod
725 3181 832 3230 rumpere
850 3182 960 3214 somnum

194 3247 284 3298 Debeat
299 3253 322 3297 et
338 3247 425 3311 ligulas
442 3248 569 3306 dimittere,
587 3247 703 3297 sollicitus
722 3265 751 3297 ue

194 3333 252 3381 Tota
269 3330 392 3380 salutatrix
410 3333 457 3379 iam
475 3331 543 3379 turba
561 3331 676 3396 peregerit
692 3331 780 3390 orbem,

196 3414 317 3464 Sideribus
334 3414 412 3462 dubiis
429 3419 470 3462 aut
487 3415 531 3462 illo
549 3421 659 3478 tempore,
677 3432 723 3480 que
741 3432 764 3463 se

195 3498 290 3562 Frigida
307 3497 470 3560 circumagunt
486 3497 547 3561 pigri
566 3513 654 3547 serraca
671 3497 776 3548 bootae.¹'

98 3590 133 3638 Ol.
159 3590 229 3638 etiam
247 3605 281 3637 vs.
301 3588 331 3640 76
356 3604 435 3652 seqq.;
453 3588 499 3642 Ill,
518 3587 564 3634 126
583 3605 646 3652 seqq.
666 3617 696 3625 —-
714 3590 811 3638 erciau.
830 3589 925 3654 Nigrin.
944 3589 975 3638 22
993 3591 1046 3652 qu.
1066 3591 1162 3651 Didot):
1188 3579 1269 3657 plic-

99 3671 134 3730 λὺ
164 3669 196 3732 δὲ
226 3673 338 3731 τούτων
366 3674 389 3728 οἱ
410 3671 579 3746 προσιόντες
599 3668 681 3731 αὐτοὶ
701 3673 748 3733 aul
770 3674 973 3748 θεραπεύοντες
993 3673 1181 3748 γελοιότεροι,
1205 3695 1269 3736 voa·

99 3765 149 3836 τὸς
180 3765 236 3844 μὲν
266 3764 488 3846 ἒξκνιστάμενσι
518 3767 624 3842 μέσης,
657 3769 832 3843 περιθέοντες
863 3765 895 3828 δὲ
915 3765 945 3826 ἓν
966 3769 1068 3844 κύκλῳ
1085 3768 1139 3833 τὴν
1153 3770 1268 3829 πόλιν.”

100 3863 180 3912 Plures
197 3864 260 3913 locos
279 3864 332 3911 vide
353 3864 416 3927 apud
433 3864 517 3926 Meyer
534 3864 564 3911 ad
583 3865 634 3912 luv.
653 3863 681 3920 V,
702 3866 740 3913 19.

134 3947 152 4006 5)
181 3935 222 3995 Cf.
240 3947 311 3994 Mart.
329 3946 375 4004 Ill,
393 3947 441 4003 36;
460 3946 487 4004 V,
506 3947 553 4003 22;
572 3947 601 4002 X,
620 3947 668 4004 823
687 3947 741 4004 XII,
761 3949 808 4003 26,
829 3949 881 3995 Iuv.
900 3947 928 4005 V,
947 3948 978 4000 76
996 3964 1059 4012 seqq.

132 4030 150 4090 6)
184 4029 249 4092 Quin
267 4029 323 4077 lassi
342 4028 461 4077 interdum
479 4030 578 4077 eundem
596 4029 686 4078 decima
703 4031 758 4078 adeo
777 4028 813 4077 vel
832 4031 906 4078 serius
925 4031 983 4078 hora
999 4031 1025 4078 in
1041 4031 1158 4095 Agrippae
1167 4031 1270 4080 thermas

102 4113 262 4176 sequebantur,
289 4127 341 4159 eum
369 4112 415 4176 ipsi
442 4112 466 4159 in
488 4112 535 4160 Titi
554 4113 689 4161 lavarentur
704 4113 786 4173 (Mart.
806 4113 852 4168 ΙΙΙ,
871 4113 920 4171 36).
955 4113 1070 4163 Thermae
1086 4114 1143 4163 illae
1159 4115 1271 4164 dimidiae

1 4188 2 4246 l
102 4194 145 4243 iere
162 4196 232 4244 horae
249 4195 324 4258 spatio
338 4195 400 4244 inter
418 4211 441 4242 se
458 4195 583 4244 distabant.
602 4196 638 4244 ct.
656 4196 743 4244 Friedl.
762 4195 871 4244 adhunc
889 4196 1007 4246 Martialis
1024 4196 1110 4248 locum.

133 4277 151 4337 π)
186 4277 380 4334 uirtutes.

134 4359 153 4422 ⁸)
187 4360 258 4410 Mart.
277 4359 379 4424 aaa,
398 4363 421 4411 a.
