3084 5128
799 1725 998 1794 1111111111.

364 1952 463 2018 Loois
501 1952 679 2040 hucusque
715 1954 875 2040 expositis
910 1954 990 2020 addi
1024 1954 1153 2042 possint
1189 1953 1364 2034 nonnulla,
1398 1971 1468 2038 quae

320 2067 447 2153 partim
469 2065 528 2132 illa
551 2067 690 2153 quidem
714 2067 852 2134 fortasse
876 2068 1013 2148 leviora,
1038 2073 1189 2135 attamen
1214 2074 1247 2134 et
1270 2068 1344 2154 ipsa
1359 2062 1468 2152 aliquid

320 2169 486 2246 momenti
531 2181 693 2261 fecerunt,
734 2187 772 2246 ut
806 2203 974 2268 pauperes
1008 2181 1271 2255 sublevarentur
1306 2186 1364 2247 aut
1398 2184 1469 2245 certe

320 2292 525 2360 nonnullam
558 2294 774 2381 perciperent
807 2295 1096 2361 commoditatem.
1142 2295 1183 2359 In
1219 2294 1345 2360 horum
1371 2312 1470 2358 nune·

320 2428 399 2472 rum
421 2407 565 2472 referas:

367 2542 397 2586 u.
447 2517 618 2586 Commoda
653 2522 697 2587 ta
722 2522 851 2600 tributa,
876 2524 934 2608 qui
958 2529 1016 2588 tres
1036 2523 1176 2609 pluresne
1201 2522 1312 2588 liberos
1337 2521 1469 2588 habant.

322 2633 509 2720 Scriptores
543 2634 694 2718 legentes
727 2635 810 2701 talia
844 2636 1024 2702 commoda
1059 2656 1130 2702 non
1165 2657 1241 2701 raro
1273 2635 1469 2702 offendimus.

321 2747 375 2813 Ita
398 2747 577 2815 Gaesarem
601 2748 637 2813 in
659 2770 782 2834 agrum
806 2749 1024 2836 Campanum
1048 2749 1294 2836 Stellatemque
1312 2749 1355 2815 ad
1368 2744 1470 2832 viginti

322 2861 418 2928 milia
451 2862 581 2930 civium
614 2863 794 2929 deduxisse
827 2863 986 2944 vidimus,
1011 2862 1135 2950 quibus
1158 2863 1247 2929 terni
1271 2862 1421 2949 pluresve
1441 2858 1471 2923 li·

321 2976 394 3042 beri
428 2982 548 3044 essent.
586 2975 610 3058 l)
656 2976 759 3043 Anno
796 2999 825 3042 o.
861 2999 894 3042 u.
931 2999 959 3044 c.
994 2976 1059 3043 708
1089 2978 1132 3061 (a.
1156 2977 1236 3043 Chr.
1261 2998 1295 3042 n.
1320 2966 1377 3063 46)
1396 2975 1471 3041 idem

322 3089 435 3156 Cassio
470 3091 580 3156 Dione
616 3096 752 3156 auctore
792 3090 817 3178 ²)
854 3093 1066 3164 ,πολυπαιδίας
1088 3081 1174 3153 ἆθλα
1198 3090 1377 3171 ἑπέθηκενῆ
1400 3107 1470 3176 quae

321 3209 437 3268 tamen
462 3203 545 3290 quid
569 3204 696 3270 fuerint
719 3191 878 3270 Dionen
902 3205 1006 3271 addit.
1054 3205 1099 3270 Et
1121 3205 1298 3288 Augustus
1325 3256 1339 3285 ,‚
1358 3205 1412 3284 iis,
1423 3200 1469 3287 qui

322 3316 476 3400 regiones
510 3322 603 3398 (sunt
636 3318 791 3402 regiones
821 3317 955 3404 Italiae)
978 3318 1043 3384 sibi
1067 3318 1227 3386 reuisenti
1249 3317 1337 3386 fillos
1360 3317 1469 3382 filiasve

322 3427 559 3515 approbarent,
584 3429 719 3515 singula
743 3453 963 3498 nummorum
987 3431 1082 3497 milia
1106 3453 1167 3518 pro
1192 3430 1338 3516 singulis
1360 3428 1471 3497 divide-

321 3540 411 3608 bat.''
447 3541 473 3628 ⁸)
519 3541 565 3608 At
595 3543 765 3630 imprimis
788 3545 1009 3630 cogitandum
1032 3551 1082 3611 est
1104 3545 1145 3611 de
1173 3544 1247 3630 lege
1272 3545 1379 3632 Papia
1400 3545 1471 3628 Pop

321 3678 415 3742 paea,
450 3656 477 3742 ⁴)
513 3678 618 3744 quam
657 3657 738 3738 „sub
775 3658 964 3726 Octaviano
997 3658 1138 3725 Caesare
1173 3657 1307 3725 suffecti
1335 3655 1470 3725 eonsules

319 3769 446 3857 Papius
477 3775 510 3838 et
534 3773 735 3859 Poppaeus.
752 3772 905 3840 tulerunt
928 3821 1134 3840 .......
1158 3773 1471 3860 eontinenltem)pa·

352 4041 372 4102 ι)
402 4040 443 4090 Cf.
461 4057 512 4105 pag.
531 4041 561 4089 95
580 4057 627 4106 seq.

351 4122 371 4184 ¹)
404 4123 491 4183 XLIII,
513 4124 554 4182 25,
573 4125 595 4175 2.

349 4205 370 4268 ³)
404 4206 466 4255 Suet.
484 4207 546 4271 Aug.
563 4209 604 4257 46.

349 4289 369 4350 ⁴)
403 4289 440 4339 ef.
457 4305 510 4354 pag.
529 4291 584 4341 148.
