3122 5130
637 641 678 710 59

111 825 199 889 Caro
224 822 306 888 lieet
330 825 420 912 plebi
434 833 592 911 aceeptus
604 824 700 890 cibus
712 828 806 904 esset,
821 820 846 909 ¹)
859 825 986 890 maiore
999 823 1108 890 stabat
1120 822 1238 909 pretio.

66 936 232 1021 Legimus
275 927 368 1004 enim
404 940 496 1024 apud
530 938 770 1024 Lampridium
804 937 846 1003 de
870 937 1067 1004 Alexandro
1091 936 1236 1004 Severo:

71 1051 178 1128 „Cum
213 1051 386 1117 uilitatem
420 1052 568 1139 populus
602 1052 779 1118 Romanus
803 1051 846 1116 ab
870 1072 910 1117 eo
936 1057 1074 1138 peteret,
1099 1051 1239 1115 interro·
1322 1117 1323 1120 ,

70 1164 161 1247 gavit
183 1185 248 1250 per
276 1165 461 1246 curionem,
487 1188 593 1252 quam
615 1165 762 1253 speeiem
786 1186 901 1230 earam
917 1171 1087 1250 putarent.
1100 1162 1240 1229 illioon-

70 1278 163 1342 tinuo
193 1267 487 1360 exclamauerunt,
513 1302 651 1345 earnem
674 1278 841 1344 bubulam
864 1285 966 1364 atque
990 1277 1198 1363 porcinam.''
1213 1275 1239 1362 2)

71 1391 263 1477 Imperator
297 1398 413 1457 tamen
448 1394 639 1458 remedium
671 1393 879 1476 excogitavit
914 1412 982 1477 quo
1006 1391 1155 1477 pretium
1179 1390 1240 1454 mi-

73 1511 249 1571 nueretur.
303 1506 419 1585 „Tune
462 1507 518 1572 ille
558 1528 628 1572 non
671 1506 811 1593 quidem
857 1505 1026 1570 uilitatem
1066 1503 1241 1590 proposuit

74 1617 128 1682 sed
162 1619 273 1699 iussit,
316 1641 358 1685 ne
395 1621 470 1706 quis
502 1620 710 1685 suminatam
744 1619 920 1699 occideret,
951 1639 993 1682 ne
1018 1617 1094 1703 quis
1115 1616 1240 1682 laetan-

74 1737 148 1812 tem,
183 1754 228 1798 ne
275 1734 350 1818 quis
384 1755 535 1815 uaooarn,
571 1755 614 1799 ne
650 1733 726 1819 quis
760 1731 1000 1812 damalionem,
1037 1737 1240 1815 tantumque

74 1844 158 1910 intra
192 1845 378 1911 biennium
413 1846 469 1913 uel
505 1869 609 1934 prope
638 1869 771 1912 annum
794 1845 952 1931 porcinae
977 1844 1088 1909 earnis
1110 1843 1176 1906 fuit
1209 1847 1243 1906 et

75 1956 231 2040 bubulae,
271 1965 319 2040 ut,
355 1981 435 2026 oum
470 1961 588 2026 fuisset
621 1958 875 2026 octominutalis
908 1957 1005 2038 libra,
1041 1955 1066 2043 3)
1091 1955 1134 2020 ad
1158 1955 1242 2019 duos
1327 1978 1328 1981 ¹

75 2091 249 2158 unumque
276 2075 452 2160 utriusque
477 2075 587 2140 carnis
616 2073 703 2138 libra
727 2072 967 2156 redigeretur.''
988 2070 1015 2155 ⁴)
1049 2070 1092 2134 In
1121 2068 1241 2133 Edicto

78 2183 289 2251 Diocletiano
327 2209 405 2253 earo
439 2187 568 2253 bubula
602 2186 703 2254 vilior
728 2193 778 2252 est
801 2207 907 2272 quam
930 2183 1079 2271 porcina,
1104 2183 1241 2247 fortasse

82 2298 155 2381 quia
194 2300 232 2364 in
277 2301 340 2365 hae
379 2301 456 2386 plus
483 2302 637 2366 alimenti
661 2323 741 2381 esse,
768 2299 791 2386 Β)
815 2298 874 2364 illa
897 2303 1015 2364 eontra
1039 2295 1243 2380 sanguinem

84 2431 227 2476 erassum
253 2413 395 2479 reddere
419 2414 614 2506 putabatur.
639 2413 665 2500 6)

121 2525 219 2603 Quod
255 2526 299 2592 ad
333 2527 506 2593 hortensia
539 2527 732 2593 Rodbertus
755 2525 781 2612 7)
807 2524 944 2612 quidem
970 2523 1097 2609 aliique
1121 2526 1244 2608 putant

82 2635 203 2704 Romae
240 2642 418 2725 egentium
452 2641 688 2706 condicionem
723 2645 795 2704 tam
818 2639 979 2702 miseram
1002 2637 1103 2700 fuisse
1129 2641 1166 2699 ut
1188 2632 1244 2700 vel

83 2749 166 2816 olera
200 2775 373 2841 pomaque
398 2755 439 2820 iis
462 2755 630 2839 denegata
647 2759 772 2819 essent.
797 2752 897 2830 Quod
921 2751 1074 2816 efficiunt
1096 2770 1139 2813 ex
1163 2747 1244 2812 duo-

83 2861 140 2928 bus
171 2865 255 2932 loois
290 2868 465 2949 Plinianis,
501 2890 649 2955 quorum
683 2867 768 2932 alter
797 2872 866 2931 est:
903 2863 975 2944 „Ob
999 2862 1064 2928 hoo
1087 2861 1189 2926 insita
1212 2868 1245 2925 et

87 2977 240 3045 arborum
267 3002 402 3068 quoque
426 2982 594 3048 adulteria
613 2982 804 3066 excogitata
819 2985 907 3059 sunt,
930 2983 980 3042 ut
1002 2997 1086 3041 nee
1111 2995 1246 3061 poma
1342 2977 1343 2980 ’

85 3095 385 3179 pauperibus
408 3095 769 3162 nascerentur.''
795 3094 821 3181 8)
845 3093 961 3158 Alter:
989 3090 1050 3170 „In
1069 3088 1192 3174 his(so.
1209 3087 1247 3152 in

30 3222 34 3230 ’
86 3223 269 3238 *⁸-

116 3300 132 3360 1)
149 3303 223 3367 llarq.
245 3303 277 3351 ·l.
296 3303 313 3352 l.
348 3319 399 3366 pag.
426 3301 490 3349 429:
519 3299 685 3364 „Sohliesslirh
711 3299 789 3346 wurde
814 3294 958 3345 Rindlleiseh
985 3293 1068 3341 ebenso
1085 3292 1130 3340 wie
1152 3291 1248 3353 Ziegen-

86 3381 179 3443 anm-‚
198 3385 320 3435 Hammel-
339 3387 387 3434 und
405 3384 604 3432 Schweinefieisoh
613 3384 652 3431 ein
662 3380 867 3430 unentbehrliehes
877 3375 1080 3440 Nahrungsmittel
1090 3376 1129 3422 des
1138 3372 1248 3420 Volkes.”

88 3463 144 3514 nur
160 3469 245 3518 viliora
263 3485 346 3533 genera
363 3469 449 3532 agnina
467 3468 540 3515 fuisse
558 3467 657 3514 videtur.
676 3466 733 3514 Hor.
752 3465 827 3528 Epist.
846 3464 865 3521 I,
885 3463 923 3519 15,
943 3460 989 3508 35:
1010 3455 1248 3524 „Vilisetagninae”

114 3547 131 3608 ²)
147 3550 265 3616 lamprid.
283 3553 349 3600 Alex.
363 3552 413 3600 Sev.
433 3551 472 3609 22,
491 3552 514 3603 7.

117 3631 264 3690 ³)Bli'1mner
290 3634 334 3682 l.l
368 3651 419 3698 pag.
448 3635 494 3686 73:
523 3635 553 3696 „8
580 3632 691 3680 minutuli
716 3632 747 3692 (d,
774 3631 797 3678 h.
823 3627 930 3692 arpentei
954 3624 1065 3673 minutuli
1090 3624 1144 3671 oder
1161 3621 1247 3668 Silber·

88 3711 168 3773 denare,
194 3718 263 3766 deren
289 3717 476 3766 Nominalwerth
501 3715 590 3764 damals
616 3715 647 3767 73
674 3715 710 3762 Ps.
736 3714 825 3776 betrug,
851 3712 889 3759 die
913 3709 967 3757 aber
984 3709 1009 3756 in
1027 3703 1192 3754 Wirkliehkeit
1209 3702 1247 3750 bei

89 3793 123 3841 der
139 3813 161 3844 so
178 3801 334 3863 ungemeinen
351 3800 575 3862 Versehlechterung
591 3800 632 3846 der
646 3797 828 3861 Silberprtgung
837 3796 890 3843 sehr
898 3793 945 3841 viel
955 3787 1145 3849 minderwerthig
1153 3788 1247 3844 waren),

90 3890 132 3925 was
148 3881 191 3930 mit
207 3883 281 3931 Recht
299 3883 334 3932 als
352 3884 451 3931 iiberaus
468 3883 550 3930 theuer
566 3881 639 3945 galt.”

118 3962 135 4017 ⁴)
152 3963 269 4029 Lamprid.
287 3966 305 4015 l.
323 3966 339 4014 1,
358 3970 368 4027 §
388 3968 410 4014 8.

120 4043 135 4100 ὗ)
152 4045 186 4094 Cf.
203 4048 318 4097 Bliimner
336 4049 352 4097 l.
363 4049 379 4097 l.
398 4054 420 4097 et
437 4048 499 4097 locos
518 4048 550 4096 ibi
568 4047 681 4096 laudatos.

117 4125 134 4185 6)
151 4127 208 4178 Ibid.

121 4207 139 4267 t)
161 4211 205 4259 Zur
221 4214 292 4278 Fruge
310 4215 349 4262 des
367 4214 510 4262 Sachwerths
528 4215 569 4262 dee
584 4214 668 4261 Geldes
686 4213 719 4259 im
737 4210 880 4265 Alternum,
899 4208 923 4254 in
932 4205 1029 4253 Jahrbb.
1039 4205 1054 4255 s„
1066 4199 1245 4250 Nationaltilron.
1286 4255 1287 4258 Ἰ

92 4303 111 4335 u.
127 4291 207 4344 satist.
226 4298 280 4347 XIV
297 4299 389 4358 (1870),
406 4315 457 4362 pag.
477 4298 523 4346 351
542 4314 590 4360 seq.

120 4373 137 4432 8)
153 4376 213 4427 run.
232 4381 312 4447 nu.
331 4381 405 4440 ivn,
426 4381 447 4438 1,
466 4382 488 4428 a.
