3040 5134
859 645 924 710 154

291 822 487 904 ‚ostendant
508 820 662 888 tribuum
685 821 824 888 nomine
847 829 965 908 epactes
990 843 1126 910 quoque
1151 821 1331 918 designari.
1356 821 1381 912 ¹)
1415 821 1467 887 At·

307 925 464 994 feruntur
487 925 601 1012 vulg0,
626 927 692 994 nisi
714 926 823 1009 fallor,
850 926 939 993 Plin.
964 927 1007 992 N.
1031 928 1076 994 H.
1103 928 1256 1000 XVIIII,
1280 931 1312 1010 4,
1327 929 1386 995 54:
1414 926 1468 1008 ,In

307 1037 361 1110 his
394 1042 451 1126 (sc.
475 1041 512 1106 in
536 1039 663 1128 herbis)
704 1061 841 1127 quoque
875 1040 991 1128 aliqua
1014 1040 1079 1106 sibi
1100 1041 1194 1107 nasci
1219 1040 1327 1107 tribus
1349 1045 1468 1126 negant

307 1153 403 1240 caule
426 1153 463 1219 in
486 1158 622 1220 tantum
645 1154 798 1239 saginato
823 1160 860 1219 ut
872 1154 1031 1240 pauperis
1044 1175 1162 1220 mensa
1176 1176 1245 1228 non
1260 1155 1372 1242 capiat
1382 1155 1468 1220 ‘P'-

307 1265 407 1332 Mart.
429 1267 492 1348 IX,
515 1267 569 1348 49,
595 1267 626 1348 7,
650 1266 711 1333 ubi
734 1267 817 1333 dicit
840 1266 881 1332 de
906 1273 985 1352 toga
1008 1289 1028 1334 a
1053 1267 1240 1334 Parthenio
1253 1267 1317 1334 sibi
1331 1268 1466 1334 donata:

312 1377 432 1460 „Nunc
466 1401 553 1445 anus
587 1386 621 1446 et
645 1379 792 1447 tremulo
821 1380 882 1445 vix
905 1381 1105 1467 accipienda
1124 1381 1264 1446 tribuli''
1290 1420 1333 1430 -
1357 1382 1407 1463 57,
1430 1381 1466 1445 8:

312 1491 403 1572 „Nec
437 1491 568 1579 pullens
589 1497 668 1579 toga
692 1494 818 1559 mortui
843 1493 1009 1559 tribulis.’'
1037 1493 1064 1580 ⁹)
1109 1495 1209 1573 Quod
1236 1495 1279 1560 ad
1304 1493 1405 1560 Plinii
1429 1493 1468 1558 lo

309 1623 400 1687 cum,
435 1605 622 1691 neglegunt
654 1607 721 1673 viri
755 1607 845 1673 docti
878 1606 1061 1673 discrimen
1083 1607 1173 1674 inter
1189 1630 1315 1694 pauper
1336 1614 1370 1673 et
1390 1627 1468 1692 mors

310 1717 478 1786 vocabula
510 1719 565 1804 (de
602 1740 669 1807 quo
707 1720 785 1787 vide
820 1720 1082 1808 Appendicem).
1129 1720 1250 1798 Causa,
1276 1721 1342 1786 nisi
1369 1718 1466 1798 fallor,

310 1833 495 1920 repetenda
530 1854 548 1899 e
583 1855 742 1920 perversa
768 1834 1047 1921 interpretatione
1072 1834 1176 1900 totius
1201 1833 1279 1916 loci,
1305 1855 1405 1921 quem
1427 1833 1468 1898 ita

309 1943 524 2032 intellegunt,
571 1947 668 2035 quasi
705 1947 884 2034 egentibus
917 1947 1083 2014 Romanis
1118 1947 1173 2015 vel
1208 1970 1312 2035 poma
1346 1947 1467 2014 olerave

311 2059 478 2146 denegata
512 2061 649 2126 fuerint.
696 2061 807 2148 Supra
842 2059 868 2148 8)
892 2061 962 2126 iam
986 2061 1184 2127 monuimus
1206 2061 1272 2127 hoc
1295 2060 1369 2128 loco
1391 2060 1468 2127 vitu-

311 2174 423 2260 perari
456 2173 681 2261 locupletium
714 2174 898 2256 luxuriam,
936 2175 995 2261 qui
1026 2173 1080 2241 vel
1114 2175 1151 2240 in
1175 2175 1369 2241 cottidianis
1394 2173 1467 2239 cibis

311 2287 609 2372 generosissimum
644 2310 683 2354 ac
718 2289 930 2354 rarissimum
964 2288 1116 2375 quidque
1151 2293 1338 2375 captarent.
1382 2286 1467 2353 Talia

312 2401 483 2468 tenuiores
505 2423 624 2488 parare
648 2423 718 2468 non
742 2403 890 2488 potuisse
913 2423 973 2488 per
989 2423 1023 2468 se
1035 2401 1257 2486 intellegitur.
1281 2400 1467 2468 Generatim

312 2520 428 2580 autem
451 2514 493 2580 de
516 2515 729 2582 tenuioribus
752 2516 822 2582 sive
846 2515 887 2581 de
911 2516 1007 2581 omni
1032 2514 1130 2602 plebe
1154 2515 1314 2581 Romana
1338 2512 1466 2598 biangi,

312 2649 382 2694 non
406 2649 486 2696 vero
510 2629 552 2694 de
575 2629 654 2695 solis
677 2629 865 2714 egentibus,
891 2651 934 2696 ex
957 2629 1030 2718 ipsc
1056 2650 1192 2716 quoque
1206 2635 1369 2695 contextu
1380 2625 1467 2693 facile

312 2746 463 2829 apparet.
510 2743 578 2821 Qui
601 2743 694 2809 enim
718 2743 819 2818 modo
837 2765 992 2830 pauperes
1014 2742 1242 2829 appellantur,
1255 2742 1361 2808 iidem
1377 2739 1467 2806 modo

307 2856 410 2944 plebis
432 2877 514 2923 voce
538 2856 783 2941 significantur.
808 2856 834 2942 ⁴)
880 2856 1062 2923 Graviores
1085 2862 1165 2922 sunt
1187 2856 1256 2922 duo
1280 2854 1468 2942 posteriores

311 2968 386 3036 loci.
422 2969 508 3035 Inde
531 2977 624 3056 patet
647 2991 765 3036 revera
789 2969 935 3036 tribulem
957 2969 1131 3036 interdum
1154 2969 1346 3054 significare
1366 2968 1468 3034 virum

347 3123 365 3184 ¹)
397 3124 475 3172 Immo
494 3124 626 3172 Mommsen
645 3124 712 3173 Rom.
730 3123 795 3172 Trib.
812 3140 864 3189 pag.
884 3124 931 3172 194
949 3140 1012 3189 seqq.
1031 3126 1096 3174 docet
1112 3125 1174 3174 intra
1191 3122 1267 3189 plebis
1286 3123 1385 3173 urbanae
1400 3122 1468 3172 tribus

311 3207 350 3267 (da
367 3205 454 3270 quibus
472 3207 526 3254 vide
543 3207 605 3255 infra
621 3223 673 3270 pag.
692 3206 739 3254 158
757 3212 814 3270 seq.)
831 3207 905 3255 sulsse
916 3208 1029 3270 quaedam
1041 3223 1136 3272 corpora
1145 3207 1266 3271 egentium
1277 3223 1338 3271 quae
1346 3207 1423 3270 etipsa
1431 3205 1468 3252 tri·

311 3289 386 3339 buum
414 3289 511 3338 nomine
535 3288 710 3354 appellarentur
736 3307 822 3355 perque
847 3291 888 3339 has
913 3292 1060 3339 frumentum
1084 3290 1210 3356 publicum
1226 3281 1301 3338 luisse
1319 3289 1467 3339 distributum.

311 3373 375 3422 Haec
394 3373 442 3422 iam
459 3376 525 3422 vatus
542 3377 577 3422 est
593 3373 681 3437 opinio.
716 3374 752 3422 Os.
771 3391 790 3423 e.
808 3391 831 3438 g.
850 3374 930 3423 Duker
946 3375 975 3423 ad
997 3373 1062 3423 rlori
1080 3374 1113 3432 ll,
1131 3375 1154 3432 t,
1173 3373 1212 3423 25.

343 3456 363 3517 ¹)
397 3455 519 3504 Nimirum
536 3456 664 3505 omittenda
681 3459 738 3504 sunt
754 3457 810 3506 sat.
829 3456 888 3506 Sila.
906 3457 952 3514 ΙΙΙ,
971 3457 993 3516 3,
1012 3457 1043 3506 98
1061 3473 1124 3521 seqq.
1141 3457 1194 3518 (Ed.
1213 3456 1308 3517 Klotz):
1328 3455 1468 3522 „Vigilidem

309 3539 432 3602 animique
458 3539 545 3603 sagacis
562 3539 593 3588 Et
610 3539 670 3588 citus
688 3538 778 3588 evolvit
793 3544 908 3604 quantum
927 3541 1032 3588 Romana
1049 3539 1092 3588 sub
1109 3540 1175 3588 omni
1192 3538 1246 3588 Pila
1263 3540 1302 3588 die
1319 3543 1468 3604 quantumque

309 3621 395 3680 tribus,
413 3622 471 3686 quid
487 3621 576 3686 templa
592 3659 771 3672 ........
789 3623 908 3688 poscant.''
933 3651 964 3660 -
982 3627 1004 3672 et
1022 3623 1092 3671 Mart.
1110 3622 1177 3678 VIII,
1197 3622 1277 3681 15‚4:
1298 3620 1467 3688 ,Datpopuluq

257 3767 264 3776 ἢ
310 3707 349 3754 dat
373 3710 453 3770 gratus
478 3722 556 3770 eques,
573 3707 614 3755 dat
629 3716 682 3755 tura
700 3710 800 3765 senatus,
818 3706 849 3755 Et
866 3707 942 3755 ditant
959 3707 1036 3756 Latias
1053 3707 1122 3755 tertia
1138 3707 1199 3755 dona
1216 3705 1319 3755 tribas.''
1354 3707 1415 3770 Quae
1431 3703 1467 3767 qui

312 3787 409 3838 laudant
423 3790 576 3854 „petitionem
593 3789 723 3854 principii''
740 3793 777 3852 (ut
794 3789 884 3849 dicunt)
902 3790 1061 3839 committunt.

341 3873 362 3935 ⁸)
395 3890 447 3938 pag.
466 3875 496 3922 59
515 3891 562 3939 aeq.

342 3958 362 4018 ⁴)
396 3957 470 4006 Paulo
496 3962 550 4006 ante
578 3957 665 4021 legitur
690 3961 709 4019 (t
734 3958 772 4016 51,
792 3957 847 4018 tn:
867 3957 969 4021 „Romae
986 3957 1082 4021 quidem
1099 3973 1143 4022 per
1158 3973 1182 4005 se
1199 3959 1282 4006 hortus
1299 3973 1353 4021 ager
1367 3953 1466 4021 pauperis

309 4043 364 4099 crat,
390 4057 418 4089 ex
443 4040 509 4089 horto
535 4040 611 4104 plebei
629 4039 764 4098 macellum,
781 4043 868 4104 quanto
886 4039 1045 4088 innocentiore
1062 4040 1126 4089 victu
1138 4040 1160 4089 l''
1194 4039 1226 4088 l'lt
1242 4039 1313 4104 paulo
1330 4041 1381 4104 post
1396 4039 1414 4097 tl
1431 4037 1465 4090 54,

311 4124 367 4184 bib:
395 4123 502 4187 „Mirum
528 4126 588 4172 esset
613 4139 661 4171 non
687 4123 757 4172 licere
773 4123 851 4187 pecori
868 4123 961 4170 carduis
979 4123 1049 4180 vesci,
1066 4139 1114 4172 non
1132 4122 1188 4172 licet
1204 4122 1298 4187 plebeil
1318 4156 1464 4172 .......

308 4206 394 4270 itaque,
421 4205 544 4266 Hercules,
568 4206 665 4255 nullum
693 4206 786 4255 macelli
810 4205 908 4270 vectigal
930 4206 1008 4254 maius
1031 4207 1078 4255 tuit
1095 4207 1182 4254 Romae
1198 4204 1299 4254 elamore
1317 4205 1389 4270 plebis
1404 4202 1464 4249 incu-

307 4290 381 4339 santis
407 4290 470 4354 apud
494 4290 572 4339 omnis
598 4290 725 4354 principes,
749 4291 822 4338 donee
840 4289 966 4339 remissurn
984 4293 1018 4338 est
1034 4289 1165 4353 portorium
1182 4289 1267 4338 mercis
1283 4289 1362 4337 huius.
1378 4299 1462 4348 conper·

305 4381 404 4438 tumque
432 4390 480 4423 non
505 4373 574 4423 aliter
599 4373 761 4438 quaestuosius
786 4389 881 4422 censum
899 4373 979 4422 haberi
996 4377 1036 4422 aut
1052 4373 1127 4422 tutius
1144 4389 1170 4422 ac
1187 4373 1279 4422 minore
1295 4374 1396 4422 fortunae
1410 4368 1463 4423 inre,
