3040 5134
597 623 661 692 177

49 802 84 867 in
115 801 272 870 convivia
301 801 483 870 distribuit.
516 802 610 870 idem
638 795 1061 904 Hispaniensiutriumpho
1086 803 1213 871 Chium

50 921 82 982 ot
117 915 301 982 Falernum
336 916 438 1000 dedit,
474 916 576 1004 epulo
613 939 692 986 vero
729 918 766 983 in
802 917 902 984 tertio
937 916 1117 985 consulatu
1152 939 1214 984 suo

50 1028 239 1111 Falernum,
275 1030 412 1113 Chium,
449 1030 621 1112 Lesbium,
657 1031 915 1113 Mamertinum,
954 1051 1021 1119 quo
1058 1038 1210 1119 tempore

51 1142 195 1230 primum
230 1150 392 1231 quattuor
424 1165 550 1231 genera
573 1146 646 1212 vini
668 1144 823 1232 adposita
843 1145 1006 1212 constat.''
1033 1143 1058 1232 ¹)
1105 1144 1213 1212 Aure·

51 1256 158 1323 lianus
195 1258 344 1346 denique
378 1264 521 1325 testante
556 1259 704 1347 Vopisco
740 1257 767 1345 ⁹)
807 1262 990 1340 ,statuerat
1024 1264 1058 1324 et
1091 1259 1215 1325 uinum

52 1371 234 1454 gratuitum
257 1394 291 1459 p.
314 1369 357 1439 R.
382 1372 473 1454 dare,
497 1378 544 1452 ut,
570 1393 674 1460 quem
696 1372 740 1439 ad
764 1372 908 1440 modum
931 1372 1046 1440 oleum
1069 1379 1103 1440 et
1116 1372 1215 1460 panis

52 1489 83 1549 et
104 1485 242 1572 porcina
264 1485 414 1572 gratuita
436 1484 653 1573 praebentur,
677 1484 704 1572 ⁸)
727 1487 774 1553 sic
797 1487 901 1553 etiam
925 1486 1050 1552 uinum·
1066 1486 1214 1568 daretur,

54 1597 139 1684 quod
162 1605 367 1686 perpetuum
390 1599 454 1666 hac
478 1598 697 1688 dispositione
721 1605 932 1687 conceperat.
979 1599 1136 1666 Etruriae
1155 1621 1215 1688 per

53 1710 222 1778 Aureliam
267 1734 374 1801 usque
410 1712 454 1779 ad
490 1712 593 1800 Alpes
627 1713 815 1780 maritimas
848 1713 997 1798 ingentis
1031 1713 1104 1799 agri
1136 1720 1217 1780 sunt

53 1824 152 1913 hique
186 1826 314 1892 fertiles
347 1848 386 1893 ac
418 1826 544 1893 siluosi.
577 1832 740 1893 statuerat
762 1827 868 1913 igitur
889 1826 1037 1894 dominis
1060 1825 1214 1893 locorum

52 1937 265 2021 incultorum,
301 1939 361 2027 qui
395 1945 511 2006 tamen
546 1939 684 2018 uellent,
708 1941 817 2028 pretia
840 1940 921 2007 dare
945 1945 1048 2028 atquc
1072 1939 1141 2006 illic
1165 1941 1213 2007 fa·

53 2052 160 2119 milies
188 2054 342 2141 captiuas
365 2054 579 2136 constituere,
604 2053 734 2120 uitibus
757 2059 890 2121 montes
913 2074 1088 2121 conserere
1111 2059 1215 2140 atquc

54 2187 93 2231 ex
115 2188 155 2233 eo
177 2189 278 2255 opere
301 2168 425 2234 uinum
448 2166 540 2249 darc,
564 2173 603 2234 ut
625 2167 713 2233 nihil
736 2166 909 2234 redituum
923 2167 1024 2234 fiscus
1035 2167 1214 2255 acciperet,

54 2280 107 2346 sed
129 2286 238 2346 totum
263 2303 296 2368 p.
320 2281 362 2347 R.
384 2281 592 2348 concederet.
614 2283 704 2349 facts
719 2286 791 2348 erat
803 2281 889 2347 ratio
902 2279 1020 2367 dogne,
1033 2301 1212 2369 cuparum,

55 2395 192 2460 nauium
227 2401 261 2461 et
294 2416 450 2482 operum.
487 2394 546 2462 sed
579 2394 680 2461 multi
711 2395 831 2462 dicunt
851 2394 1090 2476 Aurelianum,
1115 2417 1158 2461 ne
1180 2395 1215 2461 id

55 2507 182 2589 laceret,
207 2514 445 2596 praeuentum,
469 2508 528 2575 alii
551 2530 571 2575 a
595 2509 700 2596 praef.
725 2508 885 2596 praetorii
908 2529 969 2575 suo
993 2508 1215 2596 prohibitum,

56 2621 109 2707 qui
140 2621 264 2689 dixisse
288 2624 415 2689 fertur:
443 2622 694 2689 ‘sicininum
718 2644 750 2709 p.
774 2621 817 2688 R.
841 2621 972 2700 damus,
993 2629 1155 2710 superest,
1178 2629 1217 2689 ut

55 2741 85 2800 et
116 2735 226 2823 pullos
261 2742 294 2802 et
317 2757 452 2802 anseres
480 2735 620 2802 demus!
645 2741 849 2820 argumento
872 2741 922 2801 est
944 2734 980 2800 id
1002 2757 1082 2802 uere
1107 2735 1215 2802 Aure-

54 2845 179 2916 lianum
213 2849 386 2934 cogitasse,
422 2850 529 2916 immo
564 2849 669 2917 etiam
703 2850 812 2916 facere
848 2847 1050 2936 disposuisse
1085 2848 1141 2914 uel
1175 2871 1218 2916 ex

56 2959 164 3050 aliqua
186 2969 282 3050 parte
305 2963 432 3045 fecisse,
458 2963 551 3052 quod
572 2963 609 3028 in
635 2961 821 3050 porticibus
840 2961 961 3050 templi
983 2961 1070 3028 Solis
1090 2962 1218 3029 fiscalia

56 3077 133 3143 uina
170 3083 357 3165 ponuntur,
381 3098 450 3143 non
474 3077 622 3163 gratuita
646 3075 773 3164 populo
796 3075 969 3162 eroganda
991 3076 1051 3143 sed
1075 3076 1215 3163 pretio.'’

93 3190 167 3257 Iam
203 3190 341 3272 ,Ancus
364 3190 513 3257 Marcius
536 3211 596 3256 rex
620 3189 740 3256 salis
764 3189 895 3256 modios
916 3183 950 3257 ἦ
984 3189 1021 3255 in
1044 3189 1218 3275 congiario

56 3301 142 3370 dedit
163 3303 332 3392 populis.’'
357 3304 384 3390 ⁴)

95 3415 258 3486 Severum
280 3416 530 3498 Alexandrum,
554 3438 634 3485 curn
658 3423 710 3483 ter
732 3417 828 3482 daret
847 3415 1071 3503 congiarium,
1089 3417 1217 3504 populo

58 3549 242 3597 carnem
265 3530 446 3612 addidisse,
484 3527 508 3617 ¹)
532 3529 760 3597 Aurelianum
784 3551 866 3597 vero
889 3530 1067 3618 porcinam
1089 3531 1217 3615 gratui-

61 3685 244 3703 3—-

87 3766 105 3827 ¹)
134 3768 198 3819 Plin.
217 3768 234 3818 l.
251 3769 268 3818 l.
288 3769 328 3826 15,
345 3769 385 3822 tt.
420 3770 456 3818 De
471 3769 510 3820 his
527 3770 632 3820 maana
648 3769 835 3836 triumphalibus
851 3768 915 3818 cenis
932 3767 962 3819 cf.
979 3767 1049 3817 infra.

85 3847 104 3908 ¹)
134 3851 225 3918 Vopisc.
243 3851 325 3901 Aursl.
343 3853 383 3902 48.

85 3929 103 3992 'l
133 3934 168 3984 De
183 3935 287 4000 panibus
304 3935 392 4001 populo
408 3936 502 3986 donatis
519 3936 573 3986 vide
586 3953 638 4002 pag.
657 3937 704 3986 135
723 3943 746 3985 et
762 3936 867 3985 eiusdem
884 3933 951 3983 Vitae
968 3933 1025 3998 Cep.
1044 3933 1085 3991 85,
1103 3933 1127 3992 l,
1144 3949 1215 3997 quem

58 4008 127 4065 locum
143 4018 255 4082 exscripsi
273 4018 362 4068 ibidem
379 4019 405 4068 in
422 4019 476 4069 adn.
495 4021 518 4077 t,
536 4019 564 4069 de
581 4020 677 4084 porcina
693 4019 796 4083 grutuita
804 4017 908 4084 praebita
926 4016 1068 4081 iamiamque
1077 4015 1215 4082 inhacipsa

57 4096 132 4169 mim
146 4101 254 4150 dicturus
271 4117 332 4150 sum.

86 4178 103 4240 ⁴)
132 4181 196 4233 Pliu.
214 4184 245 4233 N.
264 4183 296 4233 H.
313 4183 400 4242 xxxi,
418 4185 442 4245 7,
460 4185 499 4235 89.

86 4261 103 4321 ¹)
131 4265 252 4332 lamprid.
278 4265 346 4316 Alex.
372 4267 425 4318 Sar.
451 4268 491 4326 26,
510 4269 533 4318 l.
568 4269 647 4333 Quem
665 4267 779 4316 rationem
796 4266 859 4316 idem
876 4264 959 4315 inierit
975 4268 1003 4314 ut
1018 4264 1095 4317 earnis
1111 4264 1214 4331 pretium

58 4345 110 4394 tetro
124 4347 204 4408 abiret,
221 4349 276 4400 vide
292 4365 366 4415 supra
380 4365 433 4416 pag.
452 4350 491 4401 tt.
