3040 5134
877 637 941 702 188

323 814 457 881 mittere
492 814 607 883 velim.
644 814 668 899 ¹)
713 813 813 880 Tales
848 813 967 901 epulas
989 819 1106 880 autem
1131 819 1325 900 ceterasque
1346 808 1467 877 liberali-

323 933 418 1009 tates,
443 927 484 994 ds
508 928 633 1015 quibus
655 928 692 993 in
716 927 882 1014 proximis
904 928 1013 993 acturi
1036 949 1163 1009 sumus,
1182 923 1468 1012 vulgocumvariis

324 1040 545 1108 sollemnibus
567 1041 679 1128 (ludis,
703 1041 900 1128 triumphis)
924 1041 1123 1108 coniunctas
1145 1040 1257 1122 fuisse,
1282 1039 1377 1106 facile
1393 1034 1468 1102 inlel-

322 1153 354 1222 le
381 1155 387 1168 '
429 1176 479 1221 us.

332 1176 428 1335 ·glOm
451 1267 560 1335 Iulius
590 1268 713 1334 Caesar
738 1289 887 1349 ,munus
909 1267 1038 1355 populo
1062 1268 1273 1355 epulumque
1297 1262 1469 1353 pronuntia·

324 1382 374 1449 vit
404 1381 442 1446 in
476 1380 565 1446 filiae
599 1382 811 1463 memoriam,
850 1381 941 1468 quod
972 1387 1051 1447 ante
1075 1403 1156 1448 eum
1179 1402 1292 1447 nemo.
1337 1379 1468 1458 Quorum

324 1502 363 1560 ut
396 1515 500 1579 quam
535 1494 687 1560 maxima
721 1496 912 1582 expectatio
949 1502 1044 1576 esset,
1081 1516 1121 1561 ea
1156 1516 1244 1580 quae
1279 1493 1323 1560 ad
1352 1489 1469 1578 epulum

325 1607 543 1694 pertinerent,
579 1609 737 1694 quamvis
753 1608 961 1675 macellaris
982 1608 1146 1688 ablooata,
1171 1607 1275 1674 etiam
1299 1603 1469 1672 domestica·

325 1721 387 1786 tim
410 1720 629 1807 apparabat.''
654 1720 682 1807 ε)
706 1720 804 1787 Idem
818 1728 979 1808 quattuor
990 1721 1066 1787 illos
1079 1721 1272 1808 triumphos
1287 1739 1395 1805 agens,
1407 1734 1467 1781 cum

324 1833 489 1919 congiarii
527 1834 665 1900 nomine
703 1835 831 1922 populo
872 1835 974 1901 dabat
998 1836 1222 1916 frumentum,
1248 1833 1369 1913 oleum,
1391 1848 1468 1894 num·

325 1969 408 2028 mos,
432 1945 459 2034 ³)
486 1947 628 2028 ,adiecit
650 1948 792 2034 epulum
815 1970 854 2015 ao
878 1949 1146 2030 uiscerationem,
1164 1950 1189 2034 ⁴)
1201 1954 1235 2014 et
1248 1953 1322 2034 post
1334 1939 1467 2029 Hispani·

323 2082 439 2128 ensem
475 2061 654 2128 victoriam
688 2061 756 2128 duo
791 2061 954 2149 prandia;
983 2084 1066 2128 nam
1089 2084 1169 2128 cum
1192 2062 1287 2149 prius
1314 2078 1406 2147 parce
1426 2073 1468 2118 ne·

325 2195 391 2261 que
430 2196 491 2262 pro
525 2173 727 2241 liberalitate
763 2197 823 2241 sua
858 2175 1051 2263 praebitum
1073 2175 1249 2253 iudicaret,
1275 2175 1390 2262 quinto
1411 2169 1467 2254 post

324 2288 378 2354 die
424 2287 518 2353 aliud
553 2287 785 2373 largissimum
820 2289 1008 2376 praebuit.''
1045 2291 1079 2375 ⁵)·
1127 2288 1281 2376 Epulum
1304 2286 1385 2352 illud
1414 2299 1466 2345 ma·
1504 2331 1505 2352 2

323 2401 644 2486 gnifioentissimum
679 2402 745 2468 luit
778 2424 817 2468 ac
852 2403 1186 2489 splendidissimum
1212 2424 1292 2468 oum
1316 2400 1402 2468 enirn
1421 2389 1466 2458 toti

322 2683 424 2760 ἑορτὴν
443 2684 610 2766 παρέσχε,”
646 2690 711 2755 Quae
729 2706 783 2739 vero
800 2707 814 2738 a
831 2691 988 2754 privatis
1004 2690 1145 2740 hominibus
1163 2689 1378 2754 dabanturepulae,
1387 2678 1465 2733 111ωυί-
1503 2703 1504 2740 l

323 2782 412 2831 mirum
430 2781 502 2830 hulus
518 2781 564 2831 loci
582 2797 633 2831 non
649 2786 712 2831 suat.

357 2867 374 2926 Ι)
408 2865 486 2914 Etiam
503 2865 548 2914 hoc
564 2867 691 2930 quaeritur.
727 2865 778 2914 Hae
794 2864 884 2929 epulae,
903 2868 929 2913 ut
946 2881 1006 2928 quae
1023 2863 1093 2914 initio
1110 2865 1140 2913 ed
1157 2876 1221 2913 sacre
1239 2863 1336 2928 publica
1347 2856 1468 2928 pertinerent

322 2964 469 3012 quarumque
485 2965 541 2998 cura
558 2949 654 2998 vuviris
672 2948 814 3013 epulonibus
831 2948 945 3012 permissa
961 2951 1028 3004 esset,
1040 2965 1118 2997 nonne
1129 2948 1263 2997 tractandae
1274 2938 1467 3005 lueruntinpriffll

322 3037 394 3097 parte,
422 3032 448 3080 in
473 3048 520 3096 qua
542 3033 702 3096 quaestionem
719 3032 839 3096 proposui,
857 3048 915 3080 num
934 3037 957 3080 et
975 3047 1022 3095 quo
1039 3032 1109 3080 ruodo
1127 3031 1256 3080 sacerdotes
1273 3043 1397 3096 pauperum
1414 3019 1467 3071 filil
1502 3051 1503 3068 1

322 3131 376 3164 aem
393 3114 533 3163 duxissent?
567 3116 599 3164 At
613 3113 710 3179 epulum
728 3114 756 3162 ab
774 3114 917 3178 epulonibus
934 3113 995 3162 illud
1012 3114 1107 3178 quidem
1125 3112 1256 3172 curabatur,
1270 3099 1466 3165 noadabatartlli

321 3197 419 3260 epulum
437 3196 524 3246 dabant
540 3197 717 3260 impensamque
733 3197 887 3261 praestabant,
905 3201 972 3245 erant
988 3197 1082 3255 aediles,
1100 3197 1259 3260 imperatores,
1277 3196 1364 3261 privati
1375 3188 1466 3243 homines.

322 3279 432 3328 Ceterum
467 3280 584 3343 paulatim
609 3279 691 3343 epulae
717 3280 825 3344 publicae
851 3283 957 3328 naturam
985 3280 1052 3328 istam
1079 3283 1200 3329 exuerunt.
1235 3279 1285 3344 Ego
1311 3279 1382 3342 igitur
1403 3274 1427 3322 de
1446 3267 1467 3314 ill

322 3361 366 3410 hoo
399 3360 451 3410 loco
477 3361 594 3411 nonnulla
619 3363 696 3410 dicere
721 3378 768 3410 non
794 3363 909 3412 dubitavi.
936 3390 965 3400 ..
994 3362 1029 3411 De
1054 3362 1131 3427 epulis
1157 3361 1262 3427 publicis
1287 3378 1342 3411 aum
1368 3348 1467 3409 initioad

321 3461 386 3493 saera
411 3443 506 3509 publica
532 3444 706 3509 pertinentibus
731 3452 784 3494 tum
809 3451 887 3511 postea
909 3462 956 3494 non
974 3445 1146 3509 pertinentibus
1166 3446 1197 3494 ci.
1214 3445 1297 3494 Fastal
1314 3446 1342 3494 de
1360 3440 1467 3498 continge

321 3531 344 3576 et
359 3526 435 3575 Bloch
451 3527 513 3592 apud
530 3527 585 3576 Dar.
603 3532 626 3576 et
642 3527 713 3591 Segi,
730 3528 786 3576 Ilict
811 3529 834 3577 d.
852 3529 925 3592 antiq.
944 3529 977 3583 Π.
995 3545 1014 3577 s.
1029 3545 1051 3576 v.
1069 3531 1141 3592 epula
1157 3531 1180 3577 et
1197 3529 1315 3592 epulones.
1340 3515 1466 3589 Deepaloai·

320 3609 365 3659 bus
382 3609 463 3675 epulas
480 3610 618 3660 curantibus
635 3612 665 3660 cl.
682 3611 754 3668 etiam
772 3612 848 3675 Marq.
866 3611 912 3660 Stv
939 3611 989 3659 1112
1008 3627 1060 3675 pag.
1079 3611 1126 3663 347
1145 3627 1208 3675 seqq.

353 3693 373 3754 ²)
408 3692 597 3744 Suet.1ul.26.

353 3776 373 3838 ³)
406 3777 466 3826 Vide
483 3793 550 3841 pagg.
571 3776 617 3828 lto
635 3781 658 3826 et
677 3777 733 3830 178.

351 3860 370 3919 ⁴)
409 3859 539 3910 Viscerata'o
556 3860 643 3909 dicitur
660 3860 688 3908 de
706 3860 816 3909 carnibus
833 3859 921 3924 populo
941 3859 1035 3908 divisis.
1054 3859 1114 3909 Vide
1133 3860 1198 3909 Serv.
1209 3849 1465 3924 adverg.Aen.1,tll;

319 3942 360 4001 VI,
379 3943 436 3992 253.

351 4025 370 4085 l)
404 4027 467 4075 Suet.
493 4026 540 4076 Iul.
567 4027 606 4076 38.
642 4027 678 4075 Cf.
703 4027 995 4084 procrastinaret,
1016 4027 1221 4083 a;42.l;Liv.
1242 4027 1307 4092 Illpit.
1327 4018 1466 4084 CXV3Plut.
1499 4052 1500 4078 ,

317 4109 384 4157 Caes.
407 4110 445 4157 55.
480 4110 604 4158 Drumann
631 4111 659 4159 G.
690 4111 718 4159 R.
736 4110 774 4158 III
792 4127 843 4174 pag.
862 4111 910 4158 alt
928 4111 982 4159 adn.
999 4111 1048 4158 46:
1068 4109 1167 4174 ,vellet
1187 4111 1211 4164 2.
1230 4111 1261 4158 te
1279 4112 1338 4160 feast
1354 4110 1391 4158 die
1406 4099 1465 4156 Nach-

317 4191 408 4240 richten
437 4207 482 4240 voa
508 4192 595 4241 diesem
618 4192 748 4258 Triumphe
765 4193 814 4241 und
831 4193 884 4242 dem
902 4193 1041 4257 spanischen
1059 4194 1099 4242 des
1116 4192 1241 4256 folgenden
1258 4194 1329 4243 Jahra
1345 4196 1466 4242 annuatur

317 4274 367 4322 und
390 4274 481 4338 spricht
497 4275 569 4324 daher
585 4292 632 4324 von
650 4275 716 4324 einer
732 4275 798 4340 epuli
815 4291 857 4340 per
874 4275 962 4325 multos
980 4276 1029 4324 dies
1046 4276 1094 4325 dati
1112 4275 1264 4327 celebratio.''
1299 4277 1401 4325 Fortasse
1415 4271 1465 4320 recte.

317 4357 372 4406 Non
390 4358 423 4406 ita
440 4362 518 4408 tamea
536 4358 624 4408 llriedl.
642 4359 704 4423 apud
723 4359 799 4422 Marq.
818 4357 836 4409 l.
854 4359 871 4408 l.
889 4375 940 4424 pag.
960 4359 1008 4407 496
1026 4359 1080 4408 adn.
1099 4359 1122 4408 3.
