3122 5130
652 581 694 646 23

85 757 272 824 discrimen
311 759 400 824 inter
435 761 518 825 haee
549 761 616 826 duo
652 762 794 826 nomina
830 783 916 848 quae
952 767 1031 826 sunt
1065 761 1189 828 01100100
1223 768 1259 828 et

81 872 192 956 plebei,
240 873 331 959 quod
371 871 457 938 illud
495 874 623 938 indicat
663 874 816 961 aliquem
854 875 892 938 in
926 873 1036 940 alieno
1074 880 1256 959 patronatu

86 1007 164 1066 esse,
212 986 280 1051 hoo
327 1008 408 1052 eum
453 985 597 1072 publicis
619 987 750 1052 iuribus
774 1009 896 1068 carere,
923 987 1048 1073 quibus
1071 987 1256 1052 utebantur

86 1099 230 1184 patricii.

129 1213 295 1297 Legimus
328 1212 468 1279 clientes
500 1215 601 1279 fuisse
636 1215 673 1286 in
711 1221 934 1300 patronorum
966 1235 1107 1278 suorum
1128 1216 1255 1301 —qui

86 1325 182 1392 initio
206 1326 329 1392 saltem
353 1325 487 1413 semper
510 1328 643 1413 patricii
666 1335 785 1408 erant;
811 1334 927 1413 postea
953 1328 1058 1392 etiarn
1070 1349 1114 1392 ex
1126 1328 1255 1414 plebeis

86 1441 220 1524 patroni
257 1440 484 1506 inveniuntur
507 1480 551 1490 —
574 1442 753 1522 famulatu,
778 1462 841 1506 neo
865 1447 982 1506 tamen
1005 1441 1106 1506 fuisse
1131 1463 1254 1508 servos.

86 1553 202 1634 Erant,
242 1559 280 1618 ut
315 1554 522 1620 Mommseni
547 1553 571 1641 ¹)
596 1554 710 1621 verbis
733 1561 819 1635 utar,
845 1553 1039 1620 semiliberi.
1085 1541 1175 1620 Cum
1198 1577 1255 1641 pa·

86 1668 191 1732 tronis
227 1667 296 1732 suis
331 1667 469 1734 0100οΙ0
506 1669 655 1755 quodam
692 1663 866 1734 coniuncti
899 1669 1000 1733 fuisse
1032 1668 1202 1750 dicuntur,
1228 1667 1254 1755 2)

87 1781 177 1865 quod
212 1803 294 1846 oum
331 1781 479 1862 vinoulo,
517 1803 584 1869 quo
609 1788 766 1867 parentes
789 1804 870 1847 eum
893 1781 971 1846 filiis
993 1787 1117 1847 natura
1140 1803 1254 1847 00000-

86 1894 159 1974 ciat,
207 1893 235 1980 3)
270 1895 375 1980 possit
409 1896 619 1981 comparari:
656 1902 816 1981 patronos
854 1895 948 1960 enim
982 1895 1069 1960 mira
1105 1895 1254 1982 quadam

86 2006 223 2073 lenitate
250 2029 288 2073 ao
312 2009 470 2074 comitate
495 2031 575 2093 erga
598 2008 860 2090 olientesfuisse‚
874 2009 1253 2075 hosoontrasummum

86 2120 121 2183 in
153 2121 231 2187 illos
266 2122 419 2187 studium
452 2123 666 2208 praestitisse.
713 2123 809 2188 Lioet
843 2129 959 2187 autem
986 2122 1034 2186 ita
1057 2129 1253 2208 comparata

77 2235 126 2310 ¹sit
162 2243 289 2300 natura
310 2236 502 2316 hominurn,
528 2243 565 2300 ut
588 2236 781 2302 laudatores
803 2236 966 2322 temporis
989 2235 1055 2302 acti
1077 2257 1146 2300 esse
1171 2236 1252 2301 sole·

87 2355 152 2428 ant,
188 2350 332 2434 iureque
369 2349 518 2415 dubitari
541 2350 654 2435 possit,
678 2372 723 2415 an
746 2350 824 2436 plus
847 2351 978 2415 dlotum
1001 2349 1044 2414 sit
1068 2370 1173 2435 quarn
1194 2372 1252 2436 pa·

91 2497 280 2512 —fl——n-—n

118 2572 133 2631 Ι)
151 2573 264 2620 Momms.
283 2571 339 2620 stu.
358 2573 398 2621 III
416 2588 467 2636 pag.
487 2573 518 2619 54
534 2589 595 2636 seqq.
614 2576 638 2621 et
655 2572 775 2635 imprimis
793 2587 843 2635 pag.
863 2571 901 2619 63.
920 2570 956 2619 Cf.
974 2571 1046 2618 etiam
1056 2570 1127 2634 Voigt
1143 2568 1253 2622 auru.

84 2655 108 2702 II
128 2671 177 2719 pag.
197 2654 246 2706 667
265 2670 329 2718 seqq.
1312 2666 1314 2670 ’

116 2737 134 2797 ²)
151 2738 191 2786 CI.
207 2737 278 2786 Dion.
298 2737 330 2795 lI,
349 2737 396 2794 10;
415 2736 480 2786 Plut.
500 2739 568 2786 llorn.
588 2738 618 2785 13
626 2757 632 2794 ;
651 2737 729 2800 Voigt.
747 2736 765 2785 l.
784 2736 800 2785 l.
818 2752 869 2800 pag.
889 2735 944 2786 671.

113 2820 131 2880 ³)
149 2821 257 2868 Fortasse
274 2821 353 2868 sidem
372 2821 519 2869 referendum
536 2823 571 2869 est
589 2820 612 2868 id
630 2821 691 2884 quod
700 2820 790 2869 Paulus
799 2820 917 2869 Diaeonus
927 2823 987 2883 (pag.
999 2820 1056 2880 247)
1066 2819 1139 2868 ditat:
1152 2821 1250 2883 „Patres

83 2907 196 2952 senatores
221 2903 274 2951 ideo
291 2902 403 2966 appellati
422 2907 484 2961 sunt,
502 2903 559 2967 quia
576 2919 685 2966 agrorum
703 2907 780 2968 partes
797 2903 954 2952 attribuerunt
971 2903 1119 2951 tenuioribus
1138 2919 1164 2951 ao
1181 2902 1201 2952 01
1220 2903 1251 2952 li·

84 2984 141 3033 beris
167 2985 295 3050 propriis''.
331 2986 420 3034 Parum
445 2987 596 3050 perspieuum
622 2990 664 3043 est,
681 2987 740 3050 quid
754 2987 810 3034 haee
826 2985 897 3034 verba
914 2985 959 3034 sibi
978 2985 1062 3034 velint.
1080 2986 1190 3035 Primum
1208 2989 1250 3050 qui

83 3073 135 3115 suut
151 3067 192 3116 illi
212 3068 381 3132 „tenuiores”?
416 3069 529 3133 Plerique
547 3069 685 3134 interpretes
702 3073 788 3132 putant
804 3085 842 3117 eos
859 3085 907 3118 esse
924 3067 1029 3117 clientes.
1064 3069 1170 3117 Fortasse
1182 3073 1249 3118 reete.

83 3152 141 3200 'lum
168 3151 227 3215 quid
253 3152 386 3215 significant
412 3151 456 3200 illa
473 3152 543 3200 verba
561 3168 602 3216 „aa
620 3151 640 3200 si
654 3150 737 3200 liberis
755 3151 895 3215 propriis''?
913 3151 971 3200 Inde
988 3151 1061 3215 possit
1078 3151 1159 3214 oolligi
1177 3153 1250 3216 patri·

83 3231 128 3279 rios
153 3233 200 3295 (vel
218 3239 344 3295 senatores)
360 3236 440 3283 eadem
457 3251 512 3284 uara
529 3235 675 3283 consuluisse
693 3234 824 3283 rationibus
841 3233 966 3282 clientium
984 3250 1082 3283 suorum
1100 3250 1125 3282 ae
1144 3236 1251 3298 proprio·

84 3329 133 3363 ruur
168 3316 308 3366 liberorum.
344 3317 456 3382 Plerique
491 3319 536 3366 viri
564 3319 625 3366 dooti
653 3322 731 3366 tamen
760 3317 879 3378 (Niebuhr
903 3317 927 3366 1²
952 3333 1003 3380 pag.
1031 3317 1092 3375 337;
1120 3317 1252 3382 Sohwegler

84 3397 109 3445 lt.
135 3399 164 3447 G.
192 3401 203 3448 I
231 3417 282 3464 pag.
309 3401 373 3457 641;
398 3402 476 3464 Lange
501 3402 569 3449 rrum.
597 3401 645 3449 Alt.
673 3401 696 3449 1³
722 3416 773 3464 pag.
802 3401 866 3458 245;
893 3399 1027 3448 Mommsen
1052 3400 1109 3448 sta.
1135 3400 1173 3448 III
1199 3416 1251 3465 pag.

84 3481 129 3538 83;
150 3483 184 3530 ld.
204 3483 233 3530 R.
252 3483 280 3530 G.
299 3483 323 3531 1⁸
341 3499 392 3547 pag.
412 3484 475 3540 l88;
497 3485 529 3532 ld.
548 3484 616 3532 Rem.
636 3483 730 3531 Forseh.
749 3483 761 3530 1
779 3499 831 3546 pag.
847 3483 910 3540 3665
930 3482 1251 3540 Valeten‚0vardereohten

83 3565 122 3611 der
139 3566 221 3629 patrio.
239 3570 327 3630 gentes,
349 3569 425 3615 Amat.
445 3567 518 3627 1894,
536 3584 588 3632 pag.
609 3567 640 3618 67
659 3566 741 3627 (372);
761 3566 812 3614 alii.
831 3567 866 3614 Cf.
886 3570 965 3614 tamen
974 3565 1033 3614 Ihne
1043 3565 1137 3614 Fursoh.
1148 3581 1198 3629 pag.
1210 3567 1251 3627 82)

84 3646 176 3696 Festum
203 3653 315 3712 spectasse
341 3653 426 3713 putant
451 3649 480 3698 ad
505 3650 530 3698 id
556 3650 617 3713 (quud
644 3648 823 3698 iurisconsulti
843 3648 1006 3712 „prosarium”
1023 3647 1151 3713 appellant.
1185 3649 1250 3713 Quid

84 3729 119 3785 sit,
146 3731 212 3780 docet
237 3731 355 3795 Ulpianus
381 3732 435 3795 Dig.
462 3733 549 3791 XLIII,
568 3733 607 3792 26,
627 3732 656 3780 I:
677 3732 827 3796 „Preeariunr
837 3735 878 3788 est,
888 3730 1068 3795 quodpreeibus
1078 3731 1169 3794 petenti
1181 3734 1249 3779 uten·
1313 3793 1314 3796 Ἴ

83 3811 139 3859 dum
160 3815 297 3862 eoneeditur
314 3815 412 3872 tamdiu,
430 3816 543 3878 quamdiu
561 3816 582 3862 is
599 3815 639 3878 qui
658 3815 770 3864 00000011
787 3814 900 3877 patItur.”
935 3814 968 3862 Ut
985 3813 1048 3862 enim
1065 3813 1112 3861 11111
1129 3813 1250 3877 peculium

84 3909 129 3942 non
155 3896 275 3958 privatum
302 3913 328 3944 aa
353 3912 423 3945 suum
448 3897 567 3961 appellare
593 3901 707 3962 poterant,
734 3897 773 3945 sed
790 3912 871 3945 eorum
889 3901 966 3961 patres
983 3895 1117 3944 dominium
1134 3895 1250 3947 habebant

83 3975 128 4035 (cf.
149 3977 226 4042 Msrq.
253 3978 375 4027 Privatl.²
391 3997 442 4044 pag.
461 3983 485 4038 4,
503 3984 526 4029 et
542 3985 634 4044 praeter
651 3980 713 4028 10000
733 3979 761 4028 ab
778 3997 804 4028 eo
821 3996 848 4027 ex
862 3977 1039 4027 iurisoeusultis
1057 3977 1163 4027 laudatos
1177 3979 1251 4030 Dion.

84 4057 150 4117 VIII,
177 4059 216 4118 79,
243 4063 274 4120 4),
301 4061 335 4110 010
361 4062 405 4110 hoo
431 4062 481 4111 1000
499 4063 596 4111 clientes
613 4063 721 4112 oulendos
738 4063 835 4127 quidem
852 4077 919 4125 agros
936 4061 1050 4124 marpissa
1066 4065 1190 4125 putantur,
1208 4080 1251 4112 neo

84 4144 164 4190 temen
185 4143 278 4206 patroni
304 4144 438 4195 domimum
463 4146 493 4194 iis
518 4146 620 4194 cessisse.
655 4146 790 4208 Utcumque
807 4150 849 4200 est,
863 4145 975 4192 oonfioere
992 4143 1060 4192 nobis
1077 4144 1134 4193 lieet
1151 4144 1249 4195 illorum

84 4225 217 4274 tenuiorum
246 4226 407 4276 aondieionem
424 4229 497 4276 fuisse
515 4229 641 4278 admodum
659 4227 814 4284 tolerabilem,
832 4225 970 4290 utpotequi
989 4242 1016 4274 ex
1033 4227 1083 4290 agri
1101 4227 1195 4276 cultura
1213 4229 1249 4277 vi·

85 4310 131 4354 tam
149 4323 213 4357 suam
231 4313 395 4359 sustentarent.
