3084 5128
825 615 889 679 264

268 793 352 860 bant
385 800 418 860 et
455 794 510 875 „in
534 815 593 860 ora
616 815 739 859 manus
762 791 992 872 tendebaut'’;
1019 790 1044 877 1)
1068 791 1096 858 si
1121 790 1312 857 orationem
1337 790 1443 856 habe·

269 907 336 988 bat,
383 907 530 994 „grande
575 907 698 993 sophos
738 905 909 972 clamabat
956 904 1056 971 turba
1091 905 1225 989 togata’'
1239 926 1247 985 ,ε
1288 902 1314 988 ²)
1352 903 1443 969 simi-

267 1020 336 1087 lia·
370 1021 401 1086 A
436 1020 584 1087 dominis
617 1027 735 1086 contra
769 1019 903 1106 saepius
936 1019 974 1084 in
1004 1025 1176 1084 extremas
1198 1017 1440 1103 inauditasque

268 1134 479 1201 humilitates
501 1131 803 1200 submittebantur.
849 1133 962 1197 Immo
986 1132 1051 1218 ipsi
1075 1132 1164 1198 servi
1187 1131 1229 1196 iis
1252 1129 1441 1216 probrain·

270 1247 456 1315 tentabant.
502 1245 595 1312 Illud
628 1253 744 1312 autem
780 1245 833 1312 vel
870 1246 1020 1311 maxime
1056 1244 1322 1325 intolerandum,
1351 1244 1441 1331 quod

270 1384 339 1428 non
363 1383 438 1427 raro
462 1361 498 1426 iu
522 1361 595 1447 ipsa
618 1360 722 1425 ianua
738 1359 880 1426 introitu
893 1357 1174 1446 prohibebantur.
1203 1356 1315 1438 „Illud
1328 1358 1442 1423 adhuc

270 1475 418 1560 gravius,
454 1473 546 1560 quod
581 1479 612 1539 te
647 1480 724 1559 post
760 1473 852 1539 mille
887 1472 1028 1554 labores,
1066 1472 1182 1554 Paule,
1216 1477 1320 1556 negat
1360 1472 1444 1538 lasso

270 1588 394 1653 ianitor
420 1608 489 1652 esse
514 1586 639 1652 domi.’'
664 1585 691 1672 8)
737 1587 871 1672 Itaque,
898 1608 940 1652 nc
965 1607 1104 1672 operam
1128 1594 1162 1652 et
1185 1586 1299 1652 oleum
1326 1586 1445 1672 perde·

272 1708 356 1781 rent,
395 1722 439 1766 ne
463 1700 653 1766 nummulis
677 1700 817 1787 quidem
841 1700 1038 1787 parcebant,
1064 1721 1149 1787 quos
1174 1722 1233 1786 per
1265 1721 1444 1764 summum

271 1815 429 1881 sudorem
455 1815 703 1900 quaesiverant.
752 1815 816 1880 Vel
832 1815 859 1879 si
876 1814 986 1879 mavis
1001 1813 1174 1880 Iuvenalis
1189 1813 1312 1880 verba:
1332 1812 1444 1893 „Quid

219 1931 223 1938 '
272 1929 341 2007 das,
373 1935 411 1995 ut
446 1929 589 1994 Cossum
610 1927 795 2014 aliquando
819 1927 972 1993 salutes?
1020 1927 1067 1994 Ut
1090 1935 1121 1993 te
1146 1926 1304 2013 respiciat
1328 1925 1444 1993 clauso

272 2039 417 2109 Veiento
441 2041 594 2108 labello?
619 2090 825 2108 .......
850 2047 1020 2127 praestare
1045 2039 1174 2107 tributa
1190 2040 1332 2106 clientes
1349 2039 1445 2124 Cogi-

273 2178 352 2222 mur
374 2160 408 2221 et
431 2155 530 2221 cultis
553 2176 677 2240 augere
701 2154 835 2242 peculia
858 2155 994 2222 servis''
1019 2155 1046 2240 ⁴)
1087 2154 1200 2240 Atque
1229 2153 1314 2218 adeo
1338 2175 1357 2218 a
1382 2175 1446 2218 ser·

273 2270 325 2336 vis
359 2268 537 2335 clientium
565 2289 709 2334 munera
732 2268 892 2335 videutur
916 2268 1120 2354 aliquotiens
1143 2268 1244 2333 fuisse
1269 2288 1402 2334 aversa.
1423 2268 1446 2352 ⁵)

318 2382 393 2448 Iam
419 2383 603 2469 quaeritur,
631 2403 649 2448 e
673 2389 768 2447 tanta
791 2381 969 2448 sedulitate
995 2403 1165 2468 quosnam
1188 2381 1319 2446 fructus
1343 2380 1446 2446 elien·

275 2503 325 2562 tes
363 2496 535 2582 percipere
559 2495 732 2562 solerent?
781 2496 946 2576 „Fructus
971 2495 1141 2562 amicitiae
1166 2516 1312 2580 maguae
1337 2493 1443 2574 cibus,

275 2611 412 2696 inputat
446 2611 538 2674 huno
574 2632 643 2690 reX‚
679 2611 722 2675 Et
759 2611 917 2697 quamvis
946 2630 1060 2675 rarum
1085 2616 1199 2675 tamen
1224 2608 1396 2696 inputat.''
1422 2607 1446 2692 ⁶)

276 2724 424 2790 Clientes
454 2745 475 2789 a
509 2723 673 2789 divitibus
707 2725 749 2789 ad
778 2745 899 2790 cenam
923 2723 1037 2790 vocari
1062 2723 1198 2789 videtur
1220 2722 1323 2788 fuisse
1351 2729 1448 2788 vetus

279 2910 470 2921 ——-——-

311 3030 332 3091 ¹)
367 3029 437 3077 Mart.
461 3028 488 3085 X,
517 3029 555 3086 10,
584 3028 622 3078 10.
657 3029 761 3077 Adnotat
786 3027 890 3077 Friedl:
918 3027 965 3092 „us
982 3028 1014 3076 ist
1034 3044 1064 3076 an
1082 3027 1224 3076 Kusshtude
1243 3063 1247 3074 .
1268 3063 1274 3075 .
1295 3065 1300 3076 .
1320 3063 1325 3075 .
1345 3027 1381 3076 als
1398 3026 1449 3074 Bei-

278 3112 463 3175 fellsbeueigung
478 3127 507 3160 zu
525 3112 616 3160 deuken
626 3111 641 3132 ”

312 3203 331 3263 2)
365 3203 437 3252 Mart.
457 3203 556 3261 v1,48,
575 3203 598 3253 1.

311 3285 332 3344 ³)
366 3286 436 3334 Mart.
465 3285 492 3343 V,
518 3286 558 3344 22,
589 3288 603 3334 9
630 3303 677 3351 seq.
711 3287 778 3335 Alias
799 3286 957 3334 excusationes
981 3284 1064 3333 habeas
1082 3284 1135 3333 Iuv.
1153 3284 1198 3340 Ill,
1216 3284 1280 3332 lea:
1301 3284 1367 3348 „Ille
1385 3285 1452 3333 metit

279 3369 384 3428 barbam,
406 3369 494 3417 crinem
514 3369 552 3417 hic
569 3370 666 3432 deponit
682 3370 778 3418 amati.”
796 3369 864 3431 (Vide
880 3370 1019 3433 interpretes
1036 3369 1065 3416 ad
1082 3368 1106 3416 h.
1125 3366 1152 3428 l)
1170 3368 1206 3417 Cf.
1227 3367 1298 3415 etiam
1318 3367 1452 3416 Columella

280 3454 309 3502 lt.
335 3453 363 3500 R.
390 3452 410 3510 1,
438 3453 508 3515 praef.
535 3452 559 3509 9,
586 3452 632 3501 1οι
661 3453 757 3518 „Neque
779 3453 844 3501 cuim
861 3452 960 3516 roganti,
978 3452 1036 3516 quid
1052 3457 1133 3514 agatur
1150 3451 1214 3500 intus
1233 3451 1375 3514 respondere
1393 3451 1451 3500 servi

280 3536 415 3598 dignantur.
450 3535 488 3582 Au
514 3539 594 3598 putem
624 3536 766 3585 fortunatius
792 3553 805 3584 a
830 3539 935 3584 catenato
962 3533 1084 3598 repulsum
1111 3535 1213 3582 ianitore
1234 3549 1302 3596 saepe
1320 3539 1389 3584 nocte
1406 3549 1452 3582 scra

280 3618 371 3668 foribus
388 3618 489 3682 ingratis
505 3617 645 3667 adiaceret'”

314 3701 334 3762 ⁴)
368 3701 420 3750 Iuv.
447 3700 492 3758 111,
520 3701 567 3749 184
594 3718 656 3767 seqq.
691 3701 776 3750 Plures
796 3701 859 3750 locos
877 3701 931 3749 vide
948 3700 1010 3765 apud
1029 3699 1112 3762 Mayor
1128 3699 1157 3748 od
1176 3700 1199 3747 h.
1217 3698 1243 3757 l.,
1262 3697 1354 3763 quibus
1372 3700 1453 3748 addere

282 3794 355 3843 velim
380 3795 478 3845 Lucian.
496 3795 531 3844 De
548 3796 652 3844 mercede
669 3795 790 3844 conductis
809 3795 855 3843 1οι
884 3780 983 3850 ηᾶλλὰ
1005 3785 1122 3849 πολλῆς
1142 3778 1198 3857 μὲν
1212 3789 1267 3849 τῆς
1281 3781 1451 3858 διαδρομῆς,

282 3884 422 3958 συνεχοῦς
442 3875 475 3938 δὲ
495 3886 549 3948 τῆς
563 3883 723 3954 θυραυλίας,
739 3877 818 3938 ἕωθέν
832 3899 866 3937 τε
882 3875 1109 3958 ἕξανισταμενον
1126 3876 1288 3953 περιμένειν
1298 3875 1455 3954 ὠθούμενον

282 3974 331 4036 καὶ
361 3974 589 4051 ἀποκλειόμενον
619 3975 668 4037 καὶ
693 3975 889 4054 ἀναίσχυντον
910 3973 998 4034 ἐνίοτε
1018 3973 1069 4036 καί
1087 3969 1217 4054 ὃχληρὲν
1235 3973 1380 4035 δοκοῦντα
1401 3972 1453 4034 ὑπὸ

284 4077 393 4148 θυρωρῷ
422 4079 520 4140 κακῶς
554 4072 707 4148 Συρίζοντι
736 4071 785 4133 καὶ
815 4069 1030 4147 ὀνομακλήτορι
1051 4070 1177 4147 Λιβυκῳ
1198 4071 1389 4146 ταττόμενον
1409 4067 1454 4133 καὶ

285 4173 389 4244 μισθὸν
409 4173 552 4228 τελοῦντα
574 4176 629 4238 τῆς
649 4169 770 4245 μνήμης
790 4173 842 4228 τοῦ
861 4166 1035 4244 ὁνὸματος.”

320 4266 339 4326 ⁵)
372 4265 408 4314 Ol.
427 4265 525 4315 Lucina.
542 4265 688 4315 Orouosolou
707 4266 746 4315 15.

319 4349 339 4414 ⁸)
373 4349 427 4399 Iuv.
444 4349 473 4408 V,
491 4349 522 4396 14
540 4365 588 4414 seq.
