3084 5128
330 687 428 754 Haec
462 685 606 771 collegia
641 693 758 754 autem
791 687 840 752 ita
869 685 1020 752 officium
1045 706 1146 751 suum
1170 684 1459 771 exsequebantur,
1536 724 1537 774 )

287 807 326 867 ut
360 823 441 868 cum
472 821 564 866 unus
586 821 630 867 ex
653 801 751 868 sociis
773 806 967 867 extremum
992 799 1081 866 vitae
1106 799 1264 886 spiritum
1287 797 1459 877 edidisset,
1536 777 1537 794 ³

287 915 417 984 funeris
456 914 649 1001 impensam
672 921 732 980 aut
755 935 892 980 omnem
917 919 977 978 aut
1000 934 1043 978 ex
1067 918 1162 998 parte
1185 917 1411 999 praestarent.
1436 909 1461 996 ¹)

287 1027 366 1096 Non
403 1049 512 1115 pauca
544 1027 645 1093 etiam
671 1027 870 1093 communia
894 1025 1049 1112 sepulcra
1073 1025 1300 1112 possidebant,
1325 1025 1360 1090 in
1389 1024 1463 1111 qui·

288 1140 353 1207 bus
376 1147 436 1206 aut
459 1140 533 1227 ipsa
555 1161 698 1227 corpora
724 1145 795 1217 aut,
820 1145 858 1204 ut
880 1139 916 1204 in
940 1138 1159 1206 columbariis
1178 1138 1214 1226 ⁸),
1239 1138 1462 1206 cinerescen-

290 1253 369 1321 dere
392 1252 555 1320 solebant.
580 1252 606 1340 1)

335 1367 464 1446 Quodsi
487 1367 593 1453 igitur
616 1367 815 1434 tenuiorum
839 1365 982 1452 collegia
994 1367 1058 1438 boo
1071 1367 1287 1455 potissimum
1300 1366 1461 1432 habuisse

289 1486 431 1562 constat,
463 1486 643 1546 uteorum
667 1479 839 1547 sodalibus
862 1479 903 1546 de
931 1481 1073 1547 honesto
1096 1481 1216 1547 funere
1240 1480 1368 1547 securis
1393 1502 1463 1546 esse

288 1592 415 1675 liceret,
439 1593 560 1660 iisdem
584 1599 700 1660 tamen
717 1594 821 1660 etiam
835 1593 918 1660 alias
930 1594 1094 1661 utilitates
1107 1595 1327 1682 praebebant.
1352 1595 1460 1661 Recte

288 1707 381 1774 enim
404 1707 542 1774 Cicero:
571 1706 686 1788 ,Nihil
711 1714 761 1774 est
783 1714 855 1774 tam
878 1707 1009 1774 illustre
1034 1730 1096 1775 nec
1121 1708 1212 1795 quod
1229 1707 1330 1774 latius
1344 1713 1462 1794 pateat

289 1842 393 1908 quam
417 1821 612 1888 coniunctio
636 1821 726 1888 inter
749 1821 908 1888 homines
930 1821 1114 1887 hominum
1129 1828 1162 1889 et
1174 1822 1272 1908 quasi
1285 1822 1457 1908 quaedam

288 1935 432 2002 societas
467 1937 501 2002 et
525 1936 792 2003 communicatio
815 1935 1035 2002 utilitatum.''
1060 1936 1086 2022 ⁴)
1132 1937 1246 2015 Quam
1269 1936 1361 2004 vitae
1386 1957 1465 2002 con·

288 2048 499 2116 iunctionem
535 2048 590 2115 vel
621 2049 773 2116 maxime
811 2048 985 2115 habebant
1017 2050 1187 2131 convivia,
1224 2048 1248 2135 Β)
1283 2071 1373 2137 quae
1407 2072 1464 2118 va-

288 2162 347 2229 riis
381 2162 422 2230 de
455 2163 575 2244 caucia,
614 2170 653 2228 ut
687 2163 725 2228 in
775 2161 908 2248 collegii
943 2163 1078 2249 patroni
1113 2164 1148 2248 ⁶),
1173 2161 1315 2229 deorum
1340 2162 1464 2229 tutela·

289 2275 390 2357 rium,
435 2276 705 2358 demortuorum,
755 2283 959 2358 ceterorum,
984 2276 1151 2344 honorem
1173 2276 1362 2343 inibantur.
1411 2278 1464 2344 Ita

287 2389 486 2456 tenuiorum
519 2388 663 2476 collegia
686 2390 814 2457 mirum
842 2396 1010 2475 quantum
1034 2388 1180 2457 valuisse
1203 2389 1360 2478 putanda
1383 2397 1464 2458 sunt

288 2500 331 2568 ad
367 2506 504 2568 mutuas
538 2502 732 2570 sodalitates
754 2503 1072 2590 familiaritatesquc
1096 2503 1306 2598 nutriendae,
1330 2504 1367 2570 in
1395 2525 1463 2591 quo

288 2636 332 2681 ne
366 2607 400 2681 id
436 2615 577 2702 quidem
612 2624 661 2683 est
696 2617 1053 2704 praetermittendum,
1089 2617 1125 2682 in
1160 2616 1220 2683 illa
1255 2638 1325 2683 non
1348 2617 1463 2684 solum

290 2917 365 2983 magis
391 2935 461 2983 quam
487 2918 592 2983 perlegi:
620 2918 733 2983 Surugue,
760 2919 804 2968 Les
821 2919 921 2984 collegia
938 2919 1073 2969 tenuiorum
1090 2920 1167 2982 (Paris
1186 2920 1267 2981 1894),
1284 2924 1308 2970 et
1326 2920 1403 2986 Gilly,
1422 2921 1465 2970 Les

290 3000 390 3066 collegas
406 3000 538 3052 lunerairss
555 3017 610 3050 sons
627 3001 709 3068 l'emp.
725 3018 784 3051 rom.
802 3002 879 3064 (Aleis
897 3003 979 3062 1895).

329 3082 347 3145 ¹)
380 3085 484 3134 Pecunia
509 3085 562 3144 ista,
583 3101 641 3149 quae
659 3084 823 3149 appellabatur
835 3085 1018 3150 funeratieium,
1035 3090 1088 3151 post
1104 3091 1202 3135 mortem
1220 3085 1322 3150 collegae
1339 3087 1466 3137 heredibus

290 3167 504 3226 adnumerabatur;
522 3167 633 3216 intestato
650 3169 739 3218 mortni
756 3168 819 3232 apud
836 3168 962 3232 collegium
980 3169 1121 3219 remanebat.
1144 3169 1179 3218 Ex
1191 3169 1242 3233 lege
1250 3169 1344 3234 collegii
1354 3170 1465 3220 salutaris

291 3251 411 3302 cultorum
433 3250 523 3299 Dianae
540 3254 563 3299 et
579 3251 680 3299 Antinoi
699 3251 763 3312 (side
779 3267 832 3316 pag.
851 3252 908 3311 969)
927 3251 1050 3316 „quisquis
1068 3268 1095 3301 ex
1112 3267 1259 3317 quacumque
1275 3268 1345 3302 cansa
1365 3257 1464 3303 mortem

290 3335 337 3385 sibi
356 3333 512 3396 adsciscunt),
528 3333 579 3382 eius
597 3333 657 3382 ratio
674 3334 766 3384 funeris
783 3351 829 3383 111
848 3334 1020 3397 habeb(a)tur.”

325 3417 345 3479 ¹)
379 3416 415 3464 De
440 3414 593 3465 columbariis
619 3416 648 3464 cf.
672 3417 749 3482 Marq.
767 3417 879 3467 Privatl.²
895 3434 947 3483 pag.
966 3418 1014 3471 370
1032 3434 1096 3483 seqq.
1113 3422 1136 3467 et
1151 3419 1321 3483 antiquitatum
1338 3420 1465 3478 thesauros,

292 3516 351 3566 qnos
368 3497 493 3548 sescenties
510 3497 557 3547 iam
575 3497 644 3547 111111
662 3499 880 3565 (Pauly-Wissowa,
897 3500 1041 3566 Daremberg
1057 3505 1080 3550 et
1097 3500 1182 3566 Saglio,
1200 3501 1335 3566 Rnggiero).

324 3582 345 3644 ³)
379 3581 414 3630 De
440 3580 608 3640 monumentis,
635 3583 791 3640 funeraticiis,
812 3583 912 3642 inferiis,
935 3583 999 3632 cenis
1016 3583 1136 3642 feralibus,
1154 3583 1258 3634 lucernis
1275 3586 1412 3636 cottidianis
1427 3588 1465 3648 (cl.

293 3664 354 3716 (1.1.
372 3665 399 3715 1..
416 3665 451 3721 ΙΙ,
469 3663 553 3725 9109),
570 3664 660 3723 ceteris,
678 3665 773 3730 singula
789 3667 897 3730 persequi
915 3667 975 3715 mihi
992 3683 1041 3716 non
1058 3672 1130 3716 vacat.
1148 3667 1227 3716 Multa
1244 3683 1300 3717 sans
1314 3669 1466 3720 illustrantur

290 3747 494 3814 inscriptionibus,
520 3763 578 3812 quas
605 3748 659 3798 ride
685 3749 748 3813 apud
774 3747 900 3812 Waltzing.
934 3750 962 3797 ln
986 3749 1072 3814 primis
1089 3751 1211 3815 spectanda
1228 3755 1263 3799 est
1281 3751 1406 3802 Lanuvina
1423 3753 1465 3801 illa

290 3831 385 3896 collegii
401 3831 492 3880 Dianae
508 3834 532 3879 et
548 3831 649 3881 Antinoi
665 3831 696 3880 ad
710 3830 809 3895 collegia
826 3832 945 3881 inseraris
960 3832 1097 3896 explicanda
1112 3833 1259 3896 gravissima,
1273 3834 1302 3882 da
1320 3851 1367 3900 qua
1376 3837 1465 3902 copiose

290 3913 420 3979 disputavit
436 3913 570 3963 Mommsen
588 3914 605 3963 l.
623 3913 640 3964 1.
657 3929 711 3978 pag.
729 3913 761 3962 98
779 3930 843 3978 seqq.

323 3997 344 4057 ⁴)
378 3995 428 4045 Cic.
446 3995 481 4045 De
497 3995 550 4046 sin.
570 3997 597 4054 V,
616 3997 656 4054 99,
674 3996 714 4046 65.

326 4079 345 4141 ⁵)
378 4078 428 4128 Cic.
446 4078 497 4128 cat.
516 4079 571 4129 mai.
590 4080 629 4136 19,
647 4080 689 4128 45.
723 4079 759 4129 De
781 4079 935 4144 collegiorum
954 4081 1073 4131 conviviis
1091 4082 1342 4150 111111119491111.
1359 4085 1463 4147 (111111-

292 4161 317 4210 11
341 4160 467 4210 Ianuvino
491 4165 527 4211 est
543 4161 570 4211 11
587 4161 619 4211 99
636 4165 709 4227 seq.):
729 4162 778 4227 ,ut
794 4163 868 4227 quieti
886 4167 912 4212 st
928 4163 1015 4214 hilares
1031 4164 1115 4215 diebus
1132 4165 1289 4216 sollemnibus
1306 4167 1464 4232 epulemur.’')

327 4243 348 4304 θ)
380 4244 419 4293 Ad
443 4247 552 4309 sumptus
577 4244 711 4296 tolerandos
729 4249 847 4310 patronus
863 4246 914 4310 ipse
930 4247 1041 4312 pecunias
1057 4248 1111 4298 dare
1128 4249 1224 4299 solebat.
1242 4249 1280 4300 Gi.
1297 4266 1368 4317 snpra
1385 4250 1412 4316 (l.
1429 4250 1463 4313 1.).
