3040 5134
854 583 918 650 150

303 763 479 848 Augusto:
506 762 598 844 ,Nec
622 762 753 829 minore
775 762 943 848 gravitate
966 766 1070 848 atque
1091 759 1292 838 constantia,
1305 779 1459 846 cumpro

202 941 205 948 ,
303 877 412 962 posito
456 876 629 960 congiario
669 875 796 941 multos
830 874 1058 941 manumissos
1092 874 1307 961 insertosque
1341 872 1458 938 civium

303 1009 447 1054 numero
480 989 708 1075 comperisset,
735 989 875 1074 negavit
897 993 1095 1074 accepturos
1119 986 1244 1074 quibus
1267 986 1459 1073 promissum

304 1122 373 1167 non
404 1107 499 1182 esset,
523 1101 711 1187 ceterisque
734 1102 850 1168 minus
874 1121 979 1187 quam
1002 1101 1206 1187 promiserat
1229 1100 1332 1180 dedit,
1356 1105 1394 1164 ut
1415 1098 1459 1163 de·

303 1214 428 1280 stinata
450 1235 586 1280 summa
598 1214 797 1280 sufficeret.''
812 1212 837 1300 ¹)
861 1214 1043 1300 Congiaria
1054 1213 1227 1301 siquidem
1240 1213 1459 1279 additamenta
1508 1159 1513 1276 i

303 1333 402 1394 erant
434 1327 478 1392 ad
512 1328 803 1410 frumentationes,
842 1327 868 1413 ⁹)
893 1327 988 1394 iocus
1011 1327 1072 1394 iste
1098 1328 1179 1393 satis
1202 1326 1325 1414 probat
1348 1326 1405 1414 qui
1425 1322 1459 1390 ab
1511 1346 1512 1416 5

303 1440 459 1525 Augusto
472 1439 736 1508 excluderentur
747 1463 804 1508 eos
817 1462 977 1527 magnam
991 1447 1125 1528 partem
1136 1440 1239 1506 fuisse
1253 1435 1459 1521 libertinos³)
1511 1439 1512 1520 Ῑ

304 1551 350 1618 6⁰.
385 1553 504 1620 Unum
538 1553 618 1619 addi
652 1561 772 1641 potest.
817 1555 913 1621 Inter
952 1555 1041 1621 viros
1064 1553 1181 1621 doctos
1204 1558 1357 1620 constare
1381 1549 1459 1619 vide·
1511 1541 1512 1564 ¹

304 1672 360 1731 tur
382 1666 409 1754 ⁴)
431 1666 629 1752 Augustum
652 1669 779 1755 pariter
791 1689 831 1734 ac
845 1669 1024 1735 Caesarem
1036 1668 1074 1733 in
1085 1668 1345 1734 demortuorum
1359 1664 1457 1731 locum

303 1778 591 1847 subsortitionem¹
607 1781 682 1848 fieri
704 1781 848 1850 iussisse.
872 1782 923 1848 De
947 1781 1008 1848 tali
1031 1803 1066 1848 re
1090 1788 1207 1848 tamon
1231 1779 1324 1866 apud
1337 1779 1459 1864 scripto
1515 1797 1516 1800 ’

300 2000 373 2048 gagen
398 1986 443 2034 den
469 2002 515 2034 son
540 1987 585 2035 deu
606 1986 773 2051 Topogrsphen
790 1987 863 2035 Rome
880 1989 932 2044 etc,
949 1985 966 2034 l.
984 1985 1002 2034 l.
1019 2002 1072 2051 pag.
1090 1986 1105 2034 3
1124 2003 1179 2050 seq,
1198 1985 1265 2050 quasi
1283 1984 1350 2049 plebs
1366 1983 1458 2032 Ronrsa

301 2069 373 2117 fuerit
399 2069 452 2133 ,die
478 2068 511 2134 pl.
537 2070 578 2118 der
603 2070 791 2127 Gesammtstudt,
818 2086 891 2134 usque
916 2070 946 2118 ad
970 2073 1072 2118 extrema
1097 2073 1213 2118 tectorum
1231 2067 1339 2124 -also,
1367 2083 1391 2114 so
1416 2064 1460 2112 weit

301 2151 362 2200 Rom
387 2152 421 2200 im
447 2153 542 2201 weitern
568 2153 627 2201 Siun
653 2153 748 2210 wichte,
774 2152 822 2188 -''
847 2153 940 2201 urbana
966 2168 1021 2200 vero
1039 2152 1093 2218 ,die
1110 2151 1177 2216 plebs
1196 2168 1242 2200 nur
1259 2152 1302 2200 der
1318 2148 1459 2214 eigeutlichen

302 2234 366 2292 urbs,
391 2235 433 2283 der
458 2235 531 2282 Roma
557 2250 624 2284 muro
649 2235 732 2293 cincta,
758 2235 799 2284 der
823 2235 980 2283 Binnenstadt
1004 2235 1043 2282 sur
1068 2234 1119 2282 sich
1145 2234 1206 2282 ohne
1231 2234 1270 2282 die
1297 2228 1459 2282 Aussenstsdt.'’

302 2316 332 2365 In
357 2317 388 2364 iis
413 2333 472 2380 quae
497 2317 587 2382 promit
603 2318 630 2379 (l.
648 2316 665 2365 l.
683 2334 735 2382 pag.
754 2317 786 2366 20
804 2321 861 2382 seq.)
879 2317 916 2366 bis
934 2321 1001 2366 errat.
1035 2317 1186 2366 Docetenim
1206 2317 1294 2365 Graeca
1312 2316 1386 2364 versio
1400 2328 1458 2378 quam

302 2399 381 2464 inepte
405 2400 449 2448 hoc
474 2399 525 2464 ipso
551 2399 701 2449 Monumenti
727 2401 847 2464 Ancyrani
874 2399 926 2448 loeo
953 2401 1014 2462 (Lat.
1033 2401 1056 2457 3,
1076 2400 1116 2457 14)
1143 2416 1185 2464 pro
1214 2399 1376 2464 ,[hom]num
1393 2395 1460 2444 millia

302 2500 322 2532 e.
340 2499 362 2547 q.
380 2481 416 2531 s.'’
435 2482 503 2547 „[ass.
522 2481 560 2531 vel
577 2498 630 2532 aar.
646 2483 780 2548 num]mum
800 2483 878 2532 millia
895 2499 1018 2547 nunquam
1036 2483 1118 2531 minus
1134 2482 1308 2546 quinquaginta
1326 2486 1349 2530 et
1358 2476 1459 2529 ducenta”

302 2565 348 2629 legi
374 2564 459 2614 iubeat.
494 2565 576 2630 Neque
602 2566 698 2630 propius
720 2566 785 2614 abest
807 2581 820 2614 a
842 2582 968 2614 varocum
986 2565 1275 2630 ducentaquinquagints
1294 2563 1362 2612 milia
1377 2575 1459 2611 aurem

302 2663 426 2697 nummum
445 2647 486 2697 Hs
502 2646 539 2696 bis
556 2647 635 2698 milies
652 2649 801 2713 quingenties
816 2650 891 2698 facere
908 2649 1029 2697 contendit
1048 2675 1078 2685 -
1097 2649 1187 2697 faciunt
1207 2648 1246 2696 HS
1263 2647 1386 2696 ducenties
1401 2644 1459 2708 quiu-

302 2731 412 2796 quagies!
440 2759 471 2768 -
496 2731 602 2796 salsoque
634 2731 679 2780 illo
706 2748 805 2781 numero
831 2749 887 2781 usus
914 2731 1006 2797 plebem
1034 2731 1164 2780 &marram
1189 2731 1261 2796 paulo
1292 2729 1348 2795 plns
1372 2729 1461 2778 sescenta

303 2813 372 2863 milia
388 2814 492 2878 sapitum
509 2814 642 2864 arbitratur.
660 2843 691 2851 -
709 2815 824 2864 Omittere
838 2814 895 2864 nolo
912 2815 987 2879 ipsam
997 2813 1065 2862 illam
1075 2813 1200 2878 eloquendi
1210 2813 1347 2862 varietatem
1356 2811 1462 2861 esseinter

302 2903 447 2962 argumenta,
464 2897 551 2962 quibus
568 2899 658 2947 nitatur
675 2898 712 2946 sir
729 2903 819 2947 nostras
835 2898 858 2946 J.
878 2898 914 2948 W.
932 2898 1002 2955 Beck,
1021 2901 1047 2946 ut
1064 2898 1125 2947 hauc
1142 2897 1284 2947 sententiam
1301 2899 1462 2945 controversam

226 2991 227 2994 ’
303 2980 418 3029 subiciat:
445 2981 507 3040 ,‚111.
534 2981 717 3030 Monumentum
734 2983 886 3044 Ancyranum
904 2997 932 3029 ex
949 2980 1046 3045 optimis
1064 2979 1170 3029 sontibus
1188 2996 1238 3029 esse
1256 2978 1380 3028 collectum
1397 2974 1462 3026 maui-

302 3065 389 3112 iestum
406 3067 457 3122 est3
474 3064 591 3112 intereos
608 3065 683 3112 fontes
699 3063 772 3112 fuisse
788 3063 899 3113 libellum
917 3063 955 3112 vel
973 3062 1067 3113 libellos
1085 3063 1113 3112 ab
1127 3065 1233 3127 Augusto
1242 3057 1463 3127 conscriptosprobs·
1513 3047 1514 3074 ³

303 3145 352 3195 bile
368 3149 418 3195 est:
436 3146 500 3195 huuc
517 3146 711 3196 commentarium
729 3147 758 3195 ab
775 3147 828 3212 ipso
849 3149 957 3211 Augusto
970 3162 1020 3195 esse
1028 3147 1186 3211 compositum
1195 3145 1338 3195 dubitationi
1347 3142 1463 3194 obnoxium

303 3229 364 3279 est.”
398 3230 435 3279 Os.
462 3230 532 3288 Beck,
557 3230 592 3279 De
612 3231 768 3280 Monumento
785 3231 918 3294 Aneyrano,
935 3230 961 3279 in
978 3229 1096 3279 Mnemos.
1113 3229 1145 3279 N.
1162 3229 1185 3279 S.
1204 3228 1257 3278 Vol.
1275 3228 1341 3277 XXV
1356 3243 1406 3293 pag.
1423 3222 1462 3272 358

303 3318 326 3362 et
342 3313 420 3362 XXVI
436 3329 489 3378 pag.
507 3314 563 3366 247.
921 3321 927 3338 ⁸

333 3399 354 3456 1)
393 3397 456 3446 Suet.
474 3399 534 3461 Aug.
552 3397 593 3448 42.
1513 3433 1514 3458 ἶ

337 3480 359 3540 ²)
392 3480 430 3529 Cr'.
457 3480 569 3529 Momms.
594 3480 663 3529 Rom.
690 3479 754 3529 Trib.
780 3495 833 3545 pag.
860 3479 916 3528 195.
950 3478 1028 3528 Aliter
1049 3479 1145 3544 quidem
1164 3477 1304 3528 Rodbertus.
1339 3478 1373 3526 De
1391 3476 1430 3524 heo
1444 3489 1464 3521 re

303 3563 379 3612 dicam
397 3564 424 3612 in
440 3563 547 3628 proximo
564 3564 646 3628 capite.

335 3644 356 3708 ⁸)
390 3645 511 3710 Quantum
529 3646 603 3710 igitur
619 3646 728 3710 equidem
746 3646 851 3695 iudicare
869 3661 965 3709 possum
982 3645 1057 3694 nimis
1074 3644 1206 3694 violentum
1222 3650 1260 3693 est
1276 3644 1352 3693 dicere
1360 3637 1464 3692 frumenti

302 3730 438 3794 largitiones
455 3731 484 3779 ad
495 3746 533 3779 eos
551 3746 643 3794 quoque
659 3729 802 3794 pertinuisse
819 3729 860 3792 qui
875 3728 981 3777 libertini
1000 3733 1094 3777 tautum
1105 3733 1184 3777 essent
1192 3727 1256 3776 nihil
1265 3726 1376 3790 amplius.
1395 3725 1464 3788 Quum

303 3814 442 3863 mutentiam
458 3819 537 3862 tamen
554 3812 624 3862 multi
642 3813 688 3861 siri
706 3813 769 3861 docti
786 3811 847 3860 tueri
865 3811 984 3868 videntur,
1004 3817 1029 3860 ut
1045 3811 1184 3875 Msrquardt
1199 3810 1264 3872 (StV.
1283 3809 1321 3858 112
1338 3825 1389 3874 pag.
1408 3806 1465 3865 119),

304 3899 438 3946 Mommsen
456 3897 520 3960 (StR.
538 3896 578 3945 III
595 3911 647 3962 pag.
665 3896 714 3944 440
733 3912 789 3959 seq,
807 3897 855 3943 445
874 3899 955 3959 seqq).
989 3895 1013 3943 Is
1031 3900 1098 3959 putat
1116 3893 1240 3943 libertinos
1258 3893 1313 3942 inde
1329 3891 1464 3954 ab'Augusto

303 3981 379 4030 tribus
404 3981 515 4039 nomine,
534 3979 551 4028 i.
569 3996 588 4028 e.
615 3979 734 4042 suffragio,
763 3979 874 4037 caruisse,
900 3979 993 4026 eosdem
1011 3993 1066 4026 vero
1080 3977 1154 4026 fuisse
1171 3977 1197 4024 iu
1214 3976 1324 4025 tribubus
1341 3990 1399 4039 quas
1415 3971 1466 4020 dicit

304 4063 380 4128 plebis
396 4063 570 4112 frumentariae.
604 4063 639 4111 De
656 4062 700 4110 hac
716 4062 850 4126 quaestione
867 4061 929 4110 inira
946 4059 1015 4125 plura
1032 4061 1138 4109 dicturus
1156 4075 1217 4117 sum,
1228 4057 1269 4108 ubi
1278 4075 1344 4123 agam
1353 4058 1465 4105 denatura

303 4146 417 4204 tribuum,
434 4163 488 4196 cnm
506 4146 615 4196 Qesares
632 4145 728 4210 imperii
746 4161 863 4194 summam
879 4143 996 4193 tenebant.

335 4232 356 4292 ⁴)
390 4230 548 4295 Excipiendus
570 4234 605 4280 est
621 4229 760 4279 Radbertus.
781 4229 838 4278 Vide
855 4243 918 4287 eum,
934 4228 981 4277 Zur
996 4227 1036 4278 Fr.
1053 4228 1077 4278 d.
1095 4227 1184 4276 Sachm
1202 4226 1243 4276 ries
1261 4224 1344 4276 selua
1360 4223 1394 4272 im
1412 4219 1463 4278 sla,

302 4313 321 4366 l.
338 4313 357 4364 l.
370 4314 429 4364 soa.
448 4313 478 4363 21
498 4317 559 4378 (pag.
577 4312 642 4375 892).
