3122 5130
659 567 700 632 71

81 742 124 807 In
149 743 360 808 memoriam
383 764 539 810 revocare
564 765 634 810 non
656 746 720 810 erit
743 768 877 813 necesse
902 754 1030 834 quanta
1054 745 1137 813 olim
1160 743 1262 807 fuerit

82 863 184 940 togae
219 856 388 941 dignitas;
414 857 472 922 sed
495 858 554 943 qui
578 864 660 924 tunc
682 859 846 926 vivebant
869 861 1026 926 homines
1049 859 1178 926 decoris
1201 859 1262 923 mi·

82 991 148 1034 nus
190 969 336 1034 studiosi
370 977 475 1035 010111.
522 971 635 1050 Quare
670 971 846 1058 Augustus
884 973 977 1053 „visa
1001 973 1176 1060 quondam
1199 994 1260 1058 pro

82 1082 249 1147 contione
284 1081 494 1168 pullatorum
526 1084 635 1166 turba,
670 1085 957 1170 indignabundus
992 1093 1025 1151 ct
1059 1086 1259 1152 clamitans:

82 1195 135 1259 Ea
169 1195 346 1276 Romanoa,
380 1219 487 1262 10111111
518 1198 670 1280 dominos,
692 1207 875 1285 pontemque
900 1203 1063 1284 togatam!
1085 1200 1263 1284 negotium

85 1307 259 1373 aedilibus
283 1309 384 1390 dedit,
409 1332 452 1375 ne
475 1331 579 1396 quem
602 1312 742 1397 posthac
766 1319 963 1398 paterentur
986 1313 1023 1377 111
1045 1313 1261 1379 forocircave

86 1421 152 1486 nisi
183 1421 306 1508 positis
334 1421 477 1488 lacernis
511 1430 667 1508 togatum
702 1426 914 1491 consistere.'’
931 1424 956 1512 1)
991 1426 1176 1491 'Penuiores
1199 1426 1261 1490 im·

86 1535 209 1620 primis
235 1535 344 1621 posita
367 1542 446 1621 toga
469 1537 505 1602 in
528 1537 653 1603 tunicis
676 1539 810 1624 prodire
834 1560 904 1604 non
928 1544 1008 1604 sunt
1030 1539 1139 1605 veriti.
1175 1539 1260 1604 lnde

86 1648 180 1734 apud
210 1649 418 1715 Horatium:
447 1650 642 1731 „Volteium
666 1674 766 1718 mane
790 1652 972 1738 Philippus
995 1651 1088 1720 Vilia
1111 1652 1261 1718 uenden-

87 1767 157 1826 tem
180 1762 338 1828 tunicato
362 1770 474 1829 scruta
497 1764 631 1851 popello
655 1765 839 1851 Occupat.''
863 1763 888 1852 Β)
916 1766 961 1830 Ε1
980 1764 1072 1851 apud
1085 1765 1258 1830 Tacitum:

90 1874 249 1960 „Vulgus
274 1897 410 1962 quoque
433 1877 633 1963 imperitum
656 1886 689 1944 et
712 1879 884 1944 tunicatus
906 1878 962 1944 hic
977 1878 1155 1964 populus.''
1171 1878 1196 1965 3)
1209 1879 1259 1944 Of.

88 1989 193 2054 etiam
226 1989 344 2055 Senec.
381 1991 444 2076 up.
480 1991 564 2058 Mor.
599 1993 644 2074 ΙΙ,
682 2014 734 2078 ep.
771 1992 894 2079 6(18),
920 1993 961 2058 5;
1012 1993 1126 2072 „Dura
1158 1998 1260 2077 atque

87 2100 229 2166 horrida
260 2104 386 2168 veste.''
411 2142 455 2152 —
477 2104 559 2170 ibid.
584 2111 599 2185 ξ
623 2105 663 2171 7;
692 2105 882 2185 „Grabatus
907 2105 963 2171 ille
976 2127 1077 2172 verus
1089 2105 1132 2170 sit
1143 2110 1177 2170 et
1200 2127 1260 2170 sa-

88 2235 192 2298 gum
196 2267 338 2281 .....
342 2218 360 2246 ”
411 2219 578 2297 „Palae”
613 2219 717 2304 igitur
753 2219 876 2299 „etiam
899 2218 1100 2284 dicebantur
1122 2218 1260 2282 infimae

90 2328 197 2413 plebis
222 2330 390 2412 homines,
415 2332 507 2418 quod
530 2332 599 2400 sive
623 2333 738 2417 togati,
760 2334 830 2401 sive
843 2332 1027 2419 paenulati,
1041 2332 1111 2398 sive
1125 2338 1261 2397 tantum

89 2443 234 2508 tunicati
271 2450 389 2526 essent,
414 2446 486 2531 ipso
510 2467 590 2511 suae
614 2447 694 2512 artis
718 2468 792 2527 usu,
816 2453 892 2511 tum
915 2446 1072 2530 angustia
1094 2446 1143 2511 rei
1166 2446 1263 2510 fami-

90 2554 180 2621 liaris
216 2558 468 2643 impedirentur
490 2558 584 2624 albas
607 2581 646 2624 00
669 2560 794 2625 nitidas
817 2581 950 2645 semper
973 2566 1082 2626 vestes
1104 2558 1261 2625 habere.''

94 2668 266 2758 (Forcell.)
290 2671 316 2758 4)

137 2783 353 2849 Το111110111111
390 2785 572 2851 hominum
606 2787 677 2853 vita
710 2786 826 2872 aliqua
859 2807 902 2851 ex
933 2791 1027 2871 parte
1051 2784 1265 2868 cognoscitur

96 2916 137 2959 ex
160 2898 272 2983 poetis
294 2898 451 2965 Iuvenali
475 2907 509 2965 et
531 2900 689 2981 Martiali,
708 2922 725 2965 e
743 2898 868 2986 quibus
881 2898 1011 2984 aliquot
1022 2897 1113 2963 locos
1124 2897 1263 2962 laudare

96 3009 137 3073 ad
158 3017 299 3095 egentes
322 3013 529 3097 pertinentes
551 3035 622 3079 non
644 3013 796 3079 alienum
818 3013 963 3079 videtur.

137 3124 234 3190 Inter
264 3147 409 3210 magnae
440 3126 534 3192 urbis
557 3127 775 3193 incommoda
799 3148 885 3213 quae
906 3147 1072 3212 pauperes
1095 3125 1264 3210 imprimis

97 3245 264 3304 vexarent
298 3277 341 3287 --
363 3262 446 3305 nam
472 3241 625 3325 „magnis
647 3239 768 3326 opibus
792 3240 959 3305 dormitur
981 3240 1017 3303 in
1041 3237 1145 3303 urbe'’
1173 3237 1197 3324 ⁵)
1220 3276 1264 3286 —

98 3349 272 3417 Iuvenalis
312 3360 557 3420 commemorat
589 3360 793 3440 perpetuum
828 3354 1007 3439 strepitum
1030 3353 1066 3415 iu
1089 3350 1209 3437 plateis
1232 3356 1266 3416 et

99 3463 167 3530 loro
204 3466 266 3553 qui
289 3488 448 3532 somnum
471 3469 511 3533 iis
535 3469 706 3558 adimebat
729 3468 913 3554 multisque
938 3489 1039 3533 causa
1062 3473 1133 3532 erat
1156 3473 1195 3531 ut
1218 3489 1266 3532 as-

134 3719 149 3780 ¹)
175 3722 239 3770 Suet.
264 3725 325 3786 Aug.
344 3724 383 3772 40.
402 3724 527 3773 01011οι11
545 3725 601 3789 Cap.
621 3729 668 3774 44:
689 3725 832 3789 „Sensitque
850 3742 879 3772 nc
897 3724 950 3788 qula
959 3723 1103 3787 pullatorum
1113 3721 1189 3770 media
1198 3737 1270 3774 eavea

101 3803 209 3854 sederet.”

133 3884 152 3944 π)
177 3888 236 3935 Hor.
255 3887 370 3951 11111011,
389 3889 411 3946 7,
431 3891 463 3938 64
480 3907 542 3954 seqq.

133 3967 151 4018 31
177 3971 477 4023 Το0.Ι)101.1100101.7.

135 4052 153 4108 ⁴)
179 4054 214 4100 Ul.
242 4055 316 4103 etiam
341 4055 455 4119 Calpurn.
482 4057 532 4104 Ecl.
560 4057 582 4114 7,
609 4058 640 4104 26
667 4073 729 4120 seq.:
750 4058 878 4120 „Venimus
895 4056 923 4103 ad
941 4054 1013 4108 sedes,
1032 4053 1073 4100 11111
1092 4052 1159 4116 pulla
1176 4052 1270 4100 sordida

105 4139 163 4182 ueste
179 4137 246 4184 Inter
263 4137 376 4186 femineas
393 4139 510 4201 spectabat
527 4140 597 4188 turha
614 4141 734 4188 cathedras
744 4141 759 4159 ’'
778 4141 840 4187 Ibid.
859 4155 893 4186 vs.
908 4139 940 4184 80
959 4153 1036 4198 seqq.:
1051 4137 1112 4199 „Sed
1121 4136 1182 4183 mihi
1192 4136 1271 4183 sordes

106 4213 217 4280 Pullaque
235 4222 360 4282 paupertas
377 4224 399 4269 et
416 4222 507 4269 adunco
525 4223 597 4271 fibula
614 4238 693 4270 morsu
711 4221 871 4270 Obluerunt.’'

139 4298 156 4358 ⁵)
181 4302 234 4348 luv.
256 4302 300 4356 lll,
319 4303 374 4349 235.
