3122 5130
901 597 945 664 84

332 801 402 846 non
435 779 501 845 nisi
531 779 681 866 patriciis
705 778 954 864 assignabatur.
989 775 1025 842 si
1047 775 1213 862 Dionysio
1241 775 1346 842 fidem
1369 774 1488 851 habeas,

333 893 401 958 duo
436 915 532 978 reges
565 893 760 979 excipiendi
782 899 871 972 sunt,
897 911 987 955 unus
1012 888 1133 955 Tullus
1156 889 1334 970 Hostilius,
1361 889 1420 975 qui
1438 893 1489 951 ter·

332 1027 407 1071 ram
441 1005 607 1071 eximiam
631 1006 814 1092 quandam,
840 1026 962 1088 regum
985 1010 1120 1083 sortem,
1158 999 1312 1081 ιέπέτρεψε
1323 1011 1384 1070 τοῖς
1394 997 1489 1076 μηδένα

332 1123 440 1192 κλῆρον
459 1114 560 1196 έχουσι
582 1115 732 1194 Ῥωμαίων
752 1119 831 1180 κατ’
843 1116 934 1191 ἀνδρα
946 1115 1188 1191 διανείμασθαβ,
1206 1113 1227 1188 ¹)
1241 1135 1309 1201 quo
1322 1115 1409 1189 facto
1422 1113 1488 1187 „lina

332 1235 376 1306 τῷ
403 1225 591 1303 παραλαβεῖν
617 1227 672 1294 τὴν
700 1226 799 1308 ἀρχὴν
825 1227 906 1287 ἀπαν
933 1222 969 1285 τὸ
996 1223 1121 1298 θητικὸν
1141 1231 1193 1285 τοῦ
1214 1225 1308 1302 δήμου
1328 1226 1377 1288 καὶ
1396 1227 1488 1300 ἄπορον

335 1333 432 1395 οἰκεῖον
443 1329 562 1410 ἐ’σχεν.”
575 1333 598 1406 ⁹)
620 1333 717 1399 Alter
729 1340 779 1398 est
794 1331 933 1398 Servius
946 1330 1079 1397 Tullius
1092 1331 1152 1417 qui
1164 1331 1285 1397 eodem
1296 1337 1380 1398 teste
1395 1327 1488 1398 νέτὶτό

334 1445 527 1522 δημαγωγεῖν
547 1445 596 1507 καὶ
616 1445 788 1520 θεραπεύειν
810 1441 877 1513 τοὺς
897 1443 1023 1518 ἀπόρους
1042 1450 1102 1503 τῶν
1113 1447 1244 1503 πολιτῶν
1254 1440 1414 1518 ἕτρέπετο”
1425 1443 1446 1519 ⁸)
1463 1450 1488 1510 et

334 1559 372 1623 in
391 1560 547 1625 contione
572 1559 740 1646 populum
762 1559 800 1623 in
823 1559 916 1623 hunc
940 1558 1084 1623 modum
1107 1556 1275 1623 allocutus
1287 1565 1351 1624 est:
1369 1555 1488 1626 ιδοκεῖδέ

334 1693 384 1746 μοι
407 1671 456 1733 καὶ
482 1679 538 1740 τῆς
564 1671 710 1748 δημοσίας
730 1679 797 1747 γῆς,
818 1672 852 1738 ἣν
872 1669 919 1730 διὰ
939 1677 998 1728 τῶν
1019 1667 1118 1730 ὅπλων
1139 1671 1323 1745 κτησάμενοι
1342 1671 1487 1750 κατέχετε,

334 1775 377 1853 μὴ
397 1774 465 1844 τοὺς
484 1775 713 1845 ἀναιδεστάτους
733 1774 834 1851 ὥσπερ
856 1779 903 1832 νῦν
923 1781 1040 1848 κρατεῖν
1060 1771 1126 1834 οὔτε
1149 1774 1249 1852 χάριτι
1274 1773 1427 1846 λαβόντας
1439 1772 1487 1832 οὔτ’

334 1877 390 1966 ὠνῇ
417 1879 632 1956 κτησαμένους,
661 1878 743 1939 ἀλλὰ
770 1878 839 1947 τοὺς
865 1877 977 1954 μηδένα
1005 1882 1113 1952 κλῆρον
1140 1875 1267 1956 ἔχοντας
1287 1877 1376 1954 ὑμῶν,
1397 1877 1437 1937 ἵνα
1455 1875 1489 1953 μὴ

334 1985 483 2054 θητεύητε
504 1983 587 2053 ὄντες
607 1981 754 2058 ἐλεύθεροι
774 1979 852 2060 μηδὲ
869 1980 926 2051 τάς
945 1980 1107 2056 ἀλλοτρίας
1115 1983 1249 2052 κτήσεις,
1264 1981 1348 2041 ἀλλά
1368 1981 1489 2051 τὰςἰδίας

334 2097 499 2163 γεωργῆτε·
521 2086 552 2146 ου
572 2087 634 2163 γάρ
655 2086 690 2146 ἀν
710 2087 825 2162 γένοιτο
843 2087 976 2166 φρόνημα
988 2081 1101 2160 εὐγενές
1113 2082 1142 2144 έν
1153 2083 1292 2160 ἀνδράσιν
1301 2085 1490 2163 ἀπορουμένοις

334 2199 393 2251 τῶν
413 2193 487 2254 καθ’
509 2191 620 2267 ἡμέραν
639 2191 835 2267 ἁναγκαῑων.”
854 2194 877 2265 4)
899 2189 1015 2257 Verba
1038 2212 1090 2256 res
1103 2196 1218 2256 secuta
1231 2198 1289 2272 est,
1303 2213 1386 2256 nam
1401 2187 1491 2257 ιεῦἓινς

335 2305 400 2380 ἅμα
430 2311 473 2380 τῷ
503 2301 692 2378 παραλαβεῖν
725 2301 779 2368 τὴν
806 2301 902 2382 ἀρχὴν
927 2302 1045 2378 διένειμε
1071 2301 1126 2368 τὴν
1150 2302 1295 2379 δημοσίαν
1323 2303 1422 2382 χώραν
1443 2309 1492 2368 τοῖς

335 2409 492 2479 θητεύουσι
530 2389 709 2484 Ῥωμαίων.”
733 2410 755 2482 ῖ)
779 2407 899 2473 Livius
923 2407 1032 2492 magis
1054 2406 1272 2491 generaliter:
1301 2407 1492 2488 „Conciliato

336 2522 430 2607 prius
443 2520 619 2587 voluntate
633 2519 740 2606 plebis
753 2541 834 2604 agro
850 2526 948 2606 capto
961 2542 1005 2585 ex
1017 2519 1170 2584 hostibus
1182 2519 1313 2586 viritim
1327 2520 1460 2587 divisoss’
1471 2517 1491 2604 ⁶)

380 2633 533 2718 Regibus
568 2633 695 2698 exactis
729 2655 809 2699 curn
843 2633 994 2698 maxime
1023 2633 1064 2698 de
1088 2633 1161 2698 iure
1185 2633 1387 2715 certabatur,
1413 2631 1491 2719 quod

336 2746 457 2834 plebei,
493 2747 583 2833 ipsos
610 2746 698 2811 nihil
721 2747 837 2811 minus
861 2768 966 2832 quam
988 2746 1157 2832 patricios
1183 2747 1220 2812 in
1243 2769 1366 2832 agrum
1388 2769 1421 2812 se
1443 2747 1492 2810 ha-

336 2859 414 2925 bere
449 2860 710 2940 contendebant,
746 2859 783 2923 in
812 2881 880 2945 quo
904 2859 1070 2945 capiendo
1093 2859 1183 2924 vitae
1208 2860 1401 2945 periculum
1424 2880 1492 2925 cum

335 2972 402 3037 illis
422 2973 547 3038 sociare
570 2994 640 3037 non
666 2973 895 3037 haesitassent.
910 2972 936 3056 7)
970 2972 1066 3051 Quae
1089 2977 1171 3037 tunc
1191 2973 1388 3038 ferebantur
1410 2993 1493 3058 agre-

336 3086 405 3150 riae
428 3084 520 3170 leges
544 3107 582 3151 eo
606 3084 813 3172 spectabant,
829 3092 867 3150 ut
883 3086 1051 3150 damnum
1066 3084 1319 3172 quodammodo
1332 3087 1494 3152 resarcire-

336 3206 392 3265 tur
425 3198 563 3285 plcbeiS,
600 3198 724 3284 quibus
758 3219 839 3283 ager
872 3197 1030 3284 publicus
1067 3219 1270 3285 nonaeque
1295 3199 1495 3286 acpatriciis

336 3311 558 3400 possidendus
581 3311 831 3377 concederetur.
857 3310 882 3398 8)
906 3312 953 3376 Iis
975 3310 1107 3396 legibus
1128 3312 1261 3398 patricii
1284 3334 1418 3378 summa
1440 3333 1495 3399 ope

299 3505 302 3510 Ι
337 3426 439 3493 reniti
462 3423 625 3506 solebant,
651 3424 732 3511 quia
754 3424 908 3510 ipsorum
931 3425 1155 3510 possessiones
1178 3446 1222 3490 ne
1247 3425 1496 3512 publicarentur

350 3617 542 3629 —..--—

371 3733 387 3792 ¹)
404 3734 502 3798 Dionys.
521 3733 600 3782 Helio.
617 3733 665 3792 III,
684 3733 707 3790 l,
726 3733 739 3780 5
758 3733 811 3794 (ud.
830 3732 936 3797 Jacoby).

369 3817 389 3879 ²)
407 3817 469 3866 Ibid.
488 3820 498 3878 §
516 3819 540 3864 4.

368 3899 388 3960 ⁸)
404 3900 503 3964 Dionys.
520 3898 599 3948 Helio.
616 3898 658 3955 IV,
676 3897 699 3955 8,
718 3898 741 3948 3.

368 3983 388 4044 ⁴)
405 3983 504 4047 Dionys.
522 3981 601 4030 Halia.
618 3981 660 4038 lv,
679 3981 702 4038 9,
717 3981 740 4029 8.

369 4065 389 4126 ⁶)
406 4066 504 4130 Dionys.
521 4064 602 4114 Helio.
619 4063 661 4120 lV,
681 4063 721 4121 13,
740 4062 762 4111 l.
797 4062 833 4110 cf.
852 4062 981 4121 etiam10,
1001 4063 1032 4121 3;
1051 4063 1091 4121 11,
1110 4064 1134 4114 2.

368 4149 389 4209 6)
406 4147 459 4197 Liv.
476 4148 497 4206 I,
514 4148 555 4205 46,
574 4147 596 4194 l.
1240 4195 1243 4206 ,

369 4229 389 4292 ⁷)
407 4229 443 4278 Cf.
461 4231 514 4278 Liv.
532 4229 565 4286 II,
584 4229 623 4284 24,
642 4228 673 4286 23
691 4227 731 4284 48,
751 4227 782 4285 2;
799 4227 841 4285 IV,
859 4229 899 4286 49,
918 4229 965 4286 11;
983 4228 1084 4291 Dionys.
1101 4229 1180 4278 Helio.
1199 4230 1227 4288 x,
1247 4231 1278 4280 36
1288 4252 1294 4289 ;
1312 4233 1352 4285 el.

369 4312 389 4375 ⁸)
409 4313 445 4362 cf.
464 4311 576 4376 Schwegl.
595 4312 623 4358 R.
640 4309 668 4359 G.
685 4311 711 4359 11
728 4326 780 4374 pag.
798 4311 847 4359 416
864 4315 888 4359 et
904 4327 976 4376 supra
992 4312 1044 4360 Lib.
1062 4311 1075 4360 I
1092 4327 1144 4376 pag.
1163 4313 1202 4365 87.
