3122 5130
664 561 683 626 3

75 738 278 825 quidquam
312 739 503 825 ingenuum
537 739 660 806 habere
696 745 806 825 potest
829 739 996 806 officina.’'
1023 738 1048 826 ¹)
1072 739 1126 804 Ab
1150 738 1256 806 altera

76 857 175 937 parte
201 852 311 936 igitur
333 855 434 940 pauci
458 854 651 940 locupletes,
676 851 863 918 fundorum
886 851 953 917 late
978 853 1170 938 patentium
1184 874 1264 940 pos,

74 986 235 1045 sessores
272 964 315 1030 ab
349 967 454 1033 altera
489 967 610 1051 ingens
633 966 686 1032 vis
709 965 895 1050 egentium,
917 965 977 1050 qui
1000 965 1110 1051 magis
1133 967 1256 1052 magis-

75 1099 144 1162 que
165 1078 320 1143 Romam
343 1078 570 1146 confluebant.
616 1078 701 1143 Inde
726 1077 862 1143 crebrae
888 1077 1113 1145 dissensiones
1135 1079 1255 1146 turbae

75 1197 204 1256 motus.
253 1192 565 1258 Prudentissimum
599 1212 771 1280 quemque
806 1212 877 1257 non
905 1189 1060 1275 fugiebat
1086 1199 1256 1278 quantum

76 1303 126 1368 rei
151 1303 314 1390 publicae
338 1305 514 1370 interesset
538 1312 576 1370 ut
600 1303 840 1371 subveniretur
863 1303 1013 1389 dilapsae
1027 1304 1255 1388 agriculturae

76 1424 110 1480 et
145 1416 309 1482 seditiosa
338 1417 398 1483 illa
421 1418 516 1504 plebs
539 1419 651 1484 Roma
674 1423 916 1483 removeretur.
963 1417 1080 1483 Primo
1104 1440 1147 1484 ex
1172 1420 1257 1485 anti-

78 1551 148 1614 qua
184 1530 316 1596 ratione
351 1530 574 1618 locupletium
597 1531 821 1619 possessiones
844 1530 1148 1616 impugnabantur,
1174 1554 1257 1598 mox

76 1664 160 1707 cum
196 1664 337 1729 operam
371 1645 496 1710 frustra
519 1645 675 1710 consumi
704 1650 891 1730 appareret,
917 1643 984 1709 alia
1006 1644 1063 1710 via
1087 1645 1173 1711 inita
1197 1652 1256 1712 est.

77 1755 157 1822 Non
183 1754 282 1822 aliter
305 1778 344 1822 ac
368 1758 428 1842 qui
452 1758 553 1823 hodie
577 1757 796 1844 appellantur
822 1757 1068 1838 ,Socialistae’',
1093 1759 1130 1823 in
1143 1781 1178 1824 re
1191 1781 1253 1846 pu·

78 1867 170 1934 blica
206 1890 346 1935 omnem
369 1893 465 1956 spem
488 1870 663 1957 ponebant
686 1870 877 1956 populares.
924 1871 1003 1936 Non
1026 1870 1137 1937 solum
1165 1873 1257 1958 quie-

80 1983 166 2067 quid
195 1983 269 2067 agri
291 1983 421 2068 publici
444 1991 619 2069 supererat
642 1990 680 2048 ut
697 1983 907 2049 divideretur
927 1982 1138 2069 flagitabant,
1164 1985 1257 2071 quod

81 2095 107 2158 si
141 2095 275 2160 locatus
305 2097 415 2162 suerat
438 2097 511 2162 sine
535 2097 658 2163 aerarii
682 2097 886 2162 detrimento
910 2097 983 2162 lieri
1007 2118 1077 2162 non
1101 2103 1254 2184 poterat;

81 2209 139 2272 sed
176 2230 220 2273 ne
255 2209 390 2294 publice
425 2211 493 2274 emi
517 2210 658 2297 quidem
688 2232 795 2294 agree,
821 2210 881 2296 qui
904 2210 968 2275 sibi
992 2211 1254 2295 assignarentur,

82 2322 272 2408 quicquam
316 2323 412 2408 pensi
457 2322 640 2389 habebant.
686 2322 828 2388 Publice
871 2329 1011 2410 sumptu
1046 2330 1079 2389 et
1112 2324 1256 2410 inopum

80 2435 213 2500 civium
235 2441 269 2500 et
289 2443 529 2502 veteranorum
552 2437 703 2502 coloniae
728 2435 984 2502 deducebantur
1006 2458 1086 2502 cum
1107 2437 1144 2501 in
1157 2437 1257 2503 Italia

81 2554 157 2612 turn
192 2549 228 2612 in
261 2548 420 2616 subiectis
454 2551 561 2616 terris.
609 2551 722 2616 lmmo
746 2571 828 2615 cum
854 2549 954 2615 Italia
978 2548 1136 2617 civilibus
1159 2550 1257 2616 bellis

80 2661 215 2727 arderet
248 2683 292 2726 ne
320 2663 454 2748 privata
477 2663 620 2750 quidem
643 2663 733 2728 bona
755 2669 830 2728 tuta
854 2669 973 2728 erant:
999 2663 1127 2748 ubique
1152 2664 1255 2750 possi-

82 2774 239 2840 dentium
262 2777 453 2843 eversiones
476 2799 640 2842 cerneres.

127 2890 289 2954 Ceterum
318 2889 402 2955 haec
437 2890 663 2974 agriculturae
693 2889 853 2956 medendi
876 2889 961 2955 ratio
986 2912 1109 2975 parum
1133 2891 1254 2957 efficax

85 3009 164 3067 erat.
213 3003 438 3068 Servitiorum
462 3003 593 3069 malum
607 3005 781 3089 integrum
793 3002 1027 3090 permanebat.
1052 3004 1254 3090 Locupletes

86 3137 191 3182 novas
215 3137 352 3202 quoque
376 3117 575 3182 colonorum
598 3125 702 3183 sortes
714 3115 935 3182 coemebant:
953 3117 1106 3184 veterani
1122 3139 1253 3204 „neque

83 3230 250 3314 coniugiis
273 3230 496 3316 suscipiendis
518 3252 629 3317 neque
654 3230 785 3296 alendis
807 3229 922 3296 liberis
946 3231 1033 3296 sueti
1057 3229 1156 3296 orbes
1180 3232 1251 3297 sine

83 3343 224 3427 posteris
236 3342 354 3408 domos
366 3343 636 3429 relinquebant''.
651 3343 677 3431 ⁹)
689 3344 929 3425 Frumentum,
943 3365 1024 3409 eum
1036 3342 1251 3410 abundanter

84 3477 316 3542 magnamquc
350 3463 483 3543 partem
508 3458 664 3543 impensa
687 3456 825 3543 publica
848 3479 892 3523 ex
915 3457 1100 3543 provinciis
1123 3457 1250 3543 impor-

83 3577 220 3649 taretur,
233 3569 270 3634 in
282 3569 356 3655 ipsa
366 3569 467 3635 Italia
478 3577 656 3656 sumptum
668 3592 770 3635 suum
782 3592 852 3636 non
865 3569 1038 3636 sarciebat.
1057 3570 1104 3635 At
1116 3576 1251 3657 praeter

85 3683 166 3750 haee
190 3682 317 3763 omnia,
340 3705 384 3748 ne
408 3683 616 3768 agricultura
637 3683 759 3749 laetius
783 3684 1005 3750 effloresceret
1029 3683 1179 3749 maxime
1194 3683 1250 3749 ob-

85 3797 218 3863 stabant
249 3797 341 3882 ipsae
363 3795 551 3878 illecebrae,
576 3795 700 3884 quibus
723 3797 879 3863 homines
901 3797 1050 3862 Romam
1072 3795 1252 3861 traheban-

85 3917 148 3992 tur,
173 3915 212 3975 ut
235 3909 399 3975 frumenti
414 3915 455 3974 'et
477 3910 730 3994 congiariorum
753 3909 1016 3990 distributiones
1040 3908 1171 3995 epulae,
1202 3909 1251 3975 vi-

86 4023 297 4104 scerationes,
321 4022 404 4103 ludi,
428 4029 462 4088 et
485 4044 570 4110 quae
595 4029 675 4088 sunt
697 4023 830 4108 generis
845 4021 1007 4088 eiusdem.
1031 4021 1198 4099 Quamvis
1214 4022 1251 4086 in

118 4197 136 4257 ¹)
160 4197 211 4248 Cic.
230 4198 267 4247 Dc
284 4196 330 4246 Off.
347 4196 368 4254 Ι,
385 4196 426 4254 42,
444 4197 500 4247 150.

117 4281 136 4342 ²)
160 4281 213 4331 Tae.
233 4282 298 4330 Anu.
311 4279 375 4337 XIV,
393 4279 432 4332 27.
