3040 5134
859 581 932 664 178·

305 778 377 842 tem
399 773 593 862 praebuisse
615 773 772 861 legimus,
797 796 885 864 quae
908 774 1049 863 Vopisci
1071 774 1176 842 etiam
1195 773 1462 862 temporibusut'

305 887 377 975 ipse
401 895 526 970 narrat,
546 873 774 956 dividebatur.
802 887 828 976 ¹)

350 1001 494 1068 Oibariis
516 1023 539 1069 v
551 1001 644 1068 esti
656 1023 691 1068 m
705 1023 723 1068 e
735 1024 758 1067 n
771 1008 817 1070 ta
836 1001 1073 1089 adiungebant
1093 1001 1325 1091 imperatores.
1340 1001 1457 1070 Scimus

305 1114 399 1181 enim
428 1114 491 1196 „ob
513 1115 717 1183 uestimenta
740 1115 867 1203 populo
896 1115 1071 1202 congiaria
1093 1116 1174 1183 data
1196 1116 1345 1184 multum
1368 1116 1459 1182 Anto·

305 1227 429 1295 ninum
462 1229 498 1315 (i.
522 1250 550 1296 e.
575 1228 801 1316 Caracallum)
826 1251 847 1296 a
870 1228 969 1317 plebe
992 1229 1189 1311 dilectum'',
1213 1228 1240 1314 ²)
1265 1236 1300 1296 et
1322 1228 1459 1296 Aurelia·

305 1363 392 1407 num
415 1341 442 1427 8)
469 1341 629 1423 „donasse
653 1342 757 1409 etiarn
778 1364 811 1430 p.
835 1343 877 1409 R.
898 1349 948 1409 tu
961 1343 1098 1411 nicae
1121 1342 1215 1410 albas
1234 1343 1411 1410 manicatas
1419 1363 1458 1408 ox

304 1455 447 1522 diuersis
482 1455 668 1542 prouinciis
703 1461 737 1523 et
767 1455 875 1524 lineas
896 1455 997 1523 Afras
1020 1462 1124 1544 atque
1147 1456 1337 1544 Aegyptias
1359 1476 1455 1544 puros,

303 1568 486 1656 ipsumque
508 1568 661 1655 primum
683 1568 825 1637 donasse
848 1573 1017 1637 oraria
1040 1593 1073 1658 p.
1096 1571 1139 1638 R.
1169 1569 1296 1658 quibus
1318 1575 1453 1637 uteretur

304 1680 452 1769 populus
475 1681 519 1748 ad
541 1682 732 1750 fauorem.''
757 1683 783 1770 ⁴)

347 1794 395 1862 At
425 1795 583 1862 Caesares
620 1817 702 1863 cum
724 1817 879 1864 summae
903 1818 1018 1864 rerum
1042 1802 1247 1885 praeessent,
1271 1815 1457 1863 nummo·

303 1930 403 1976 rum
438 1908 694 1977 distributiones
724 1911 853 1997 primas
884 1910 1000 1977 tulisse
1029 1910 1180 1977 diximus
1192 1932 1200 1991 ;
1229 1911 1337 1977 immo
1357 1932 1376 1976 a
1395 1907 1459 1976 reli·

304 2023 380 2110 quis
414 2023 598 2090 Caesarum
631 2023 882 2108 largitionibus,
914 2024 989 2106 olei,
1013 2024 1097 2106 vini,
1121 2024 1242 2105 carnis,
1267 2024 1457 2100 tunicarum,

302 2136 467 2204 similium
505 2137 710 2204 Rostowzew
749 2137 916 2223 congiarii
953 2158 1081 2204 nomen
1115 2136 1301 2204 abiudicat.
1333 2140 1356 2219 ¹)
1396 2133 1458 2200 Nisi

302 2250 411 2332 fallor,
446 2272 570 2338 parum
604 2250 640 2316 id
671 2251 813 2339 quidem
837 2257 937 2318 recte.
983 2250 1141 2317 Primum
1165 2251 1259 2317 enim
1283 2251 1320 2318 G.
1344 2249 1457 2317 Iulium
1511 2273 1512 2292 ÷

302 2365 483 2432 Caesarem
505 2386 574 2432 una
598 2387 678 2432 curn
690 2365 842 2431 nummis
854 2361 1068 2432 frumentum
1085 2385 1224 2452 quoquc
1243 2371 1347 2452 atque
1359 2363 1457 2430 oleum

302 2477 429 2566 populo
467 2477 619 2545 divisisse
652 2479 810 2560 vidimus,
846 2485 880 2545 et
913 2479 950 2544 in
985 2479 1210 2545 Moaumento
1234 2479 1412 2564 Ancyrano
1434 2473 1456 2559 ὓ)

301 2591 478 2677 Augustus
500 2592 538 2657 in
561 2593 744 2677 congiariis
767 2593 837 2659 suis
860 2593 1040 2660 duodecim
1065 2592 1160 2659 ducit
1178 2591 1456 2666 frumentationes,

301 2727 386 2793 quas
421 2706 593 2772 frumento
623 2707 789 2792 privatim
814 2712 970 2794 coempto
994 2728 1028 2772 se
1053 2705 1277 2772 undecimum
1300 2702 1458 2772 consulem
1510 2761 1511 2766 ,

300 2820 477 2886 Romanae
515 2818 627 2906 plebei
663 2841 841 2886 emensum
876 2841 946 2886 esse
981 2818 1165 2906 praedicat.
1199 2817 1227 2905 7)
1275 2819 1321 2885 At
1354 2815 1455 2905 opinio
1510 2799 1511 2872 l

300 2932 365 3000 ista
400 2934 580 3020 praecipue
618 2932 782 3000 refellitur
815 2932 898 2998 Iulii
931 2932 1116 3019 Capitolini
1153 2930 1264 3000 verbis
1297 2931 1396 3000 modo
1422 2926 1459 2994 al·

337 3162 357 3222 1)
392 3162 485 3226 Vopiso.
512 3162 594 3212 Aurel.
621 3163 662 3222 85,
688 3163 719 3220 2;
744 3163 784 3220 48,
811 3163 824 3212 l
850 3163 923 3225 (banc
952 3162 1031 3212 locum
1057 3162 1126 3213 modo
1148 3161 1279 3226 exscripsi3
1299 3161 1353 3210 vide
1372 3159 1460 3226 priorem

301 3245 437 3310 paginam);
464 3245 544 3294 Aurel.
571 3245 631 3294 Vict.
658 3246 693 3295 De
718 3245 834 3294 Caesarib.
862 3247 902 3300 35.
920 3245 950 3303 7;
969 3246 1054 3294 Zosim.
1074 3245 1096 3304 2,
1115 3247 1137 3294 9.
1172 3245 1210 3294 Gi.
1227 3245 1300 3294 etiam
1317 3243 1422 3293 Gotbolr.
1437 3237 1461 3286 all

302 3327 360 3376 Ood.
378 3327 465 3376 Theod.
484 3328 547 3386 XIV,
564 3330 589 3387 4,
612 3330 633 3377 l.

337 3409 359 3469 Β)
393 3410 493 3475 Capitol.
512 3409 609 3475 Opilius
626 3411 748 3461 Macrinus
766 3414 789 3471 5,
807 3413 830 3461 3.
865 3412 904 3462 Ol.
921 3412 992 3462 etiam
1010 3411 1126 3475 Spartica.
1144 3411 1242 3460 Severus
1261 3411 1301 3468 21,
1321 3411 1360 3460 ll.

336 3493 356 3554 ³)
392 3493 484 3558 Vopisc.
503 3493 583 3543 Aurel.
602 3493 643 3553 48,
662 3495 684 3542 5.
720 3495 810 3559 Operae
828 3495 930 3560 pretium
948 3499 982 3544 est
998 3499 1078 3542 notare
1095 3510 1165 3558 qaam
1183 3494 1247 3542 varie
1264 3489 1463 3542 Aureliaaasritre

303 3576 422 3625 securitati
449 3593 476 3625 ec
500 3577 608 3626 suavitati
631 3577 782 3636 consuluerit,
801 3577 884 3642 utqui
902 3577 990 3642 populo
1008 3581 1032 3626 ct
1051 3593 1124 3640 panes
1141 3575 1236 3625 cottidie
1254 3575 1394 3639 praebendos
1409 3584 1463 3620 cart·

303 3660 363 3709 verit
387 3664 411 3709 et
435 3661 554 3726 porcinam
572 3676 664 3709 carnem
682 3661 828 3709 distribuerit
842 3665 865 3709 et
881 3660 972 3710 tunicas
989 3660 1110 3724 orarioque
1126 3659 1256 3718 donaverit,
1274 3648 1376 3722 denique
1393 3658 1400 3705 i
1404 3666 1462 3720 pisam

304 3743 388 3792 vinnm
405 3743 533 3808 gratuitum
550 3744 606 3794 dare
622 3743 769 3808 cogitaverit.

336 3827 356 3887 ⁴)
389 3825 533 3876 llorcelliniz
563 3827 600 3891 „la
626 3843 648 3875 e.
665 3826 689 3874 ia
708 3825 830 3890 plausibus
848 3825 904 3874 circi
921 3831 945 3874 et
961 3825 1061 3874 theatri:
1079 3840 1134 3874 aum
1150 3828 1218 3874 antea
1235 3829 1299 3888 togae
1317 3825 1401 3874 iactare
1422 3830 1463 3868 ¹11⁰s
1508 3885 1509 3894 ἵ

303 3908 388 3959 csset.''
424 3910 481 3958 Vide
497 3908 625 3959 Porcellini
648 3909 673 3957 ia
691 3909 775 3958 berica
792 3925 810 3958 s.
830 3925 852 3956 v.
870 3908 983 3958 orarium.
1508 3895 1509 3922 7

339 3993 358 4052 ¹)
392 3993 533 4042 Matowaew
558 3992 585 4040 in
605 3991 816 4056 Pauly-wissowa,
834 3989 1002 4055 Real-llncyol.
1022 3991 1075 4049 1v2,
1094 4007 1112 4040 s.
1130 4007 1152 4040 v.
1171 3991 1318 4054 annotarim
1334 3994 1393 4055 (pag.
1408 3981 1462 4038 8777·

337 4075 356 4130 ⁶)
392 4075 443 4124 aet.
462 4075 485 4131 3,
502 4075 516 4127 7
534 4091 598 4139 seqq.
703 4095 705 4099 ·

338 4156 358 4216 ⁷)
392 4157 443 4206 Hae
468 4157 661 4207 frumentationes
686 4161 782 4207 erantne
804 4162 827 4208 et
843 4158 907 4222 ipsae
923 4157 1118 4206 extraordinariae
1134 4156 1247 4221 qaeedarn
1264 4173 1293 4206 aa
1313 4155 1392 4205 solitae
1408 4163 1462 4201 meu·

306 4240 404 4290 atram?
438 4239 468 4288 ln
494 4239 538 4289 illa
563 4240 679 4290 enuntia
705 4245 762 4290 sunt
787 4239 857 4290 mulli
884 4241 929 4290 viri
955 4241 1027 4298 docti,
1052 4244 1079 4290 ut
1103 4239 1234 4290 Radbertus
1260 4238 1278 4288 l.
1295 4239 1313 4290 1.
1335 4254 1385 4304 pag.
1409 4229 1460 4284 tiis

306 4321 444 4376 uisenda
462 4323 489 4373 v.
507 4323 563 4372 o.1
580 4339 632 4392 pag.
652 4323 700 4372 ma
717 4324 771 4374 aaa.
788 4324 980 4385 lautomia,
997 4309 1073 4374 iture
1090 4338 1131 4374 aar
1148 4322 1182 4374 a·
1199 4321 1294 4390 poma·
1311 4322 1413 4388 aeque·
1426 4309 1462 4364 il
