3040 5134
861 557 925 628 110

308 735 437 802 faenori
461 735 581 801 dantes
607 756 677 800 non
700 756 775 800 raro
798 735 1016 820 gravissimas
1038 756 1158 801 usuras
1171 734 1429 821 stipulabantur.
1442 732 1461 818 ¹)

306 848 382 935 Ipse
407 846 539 914 Plinius
560 847 598 913 in
620 847 685 913 hac
708 870 743 913 re
767 855 985 934 qmastaoaom
1007 849 1178 934 seqniticm
1201 848 1295 913 dicit.
1310 846 1336 934 ²)
1371 846 1462 912 Multi

308 960 448 1048 quidem
481 961 644 1048 pecunias
677 960 898 1026 collocabant.
944 960 1059 1045 Vulgo
1094 966 1211 1026 tamen
1248 960 1346 1026 aliter
1371 966 1461 1045 atque

306 1095 377 1140 nos.
412 1074 502 1153 Quia
525 1073 706 1160 vectigalia
728 1073 944 1159 singularum
967 1073 1225 1161 provinciarum
1249 1073 1462 1140 acensoribus

305 1187 407 1253 simul
429 1187 534 1254 locari
546 1186 709 1268 solebant,
723 1188 874 1274 itemque
887 1194 926 1253 ut
938 1186 1061 1254 melius
1075 1186 1187 1253 aleam
1200 1187 1314 1253 subire
1329 1192 1460 1273 possent,

307 1301 482 1387 publicani
509 1300 644 1367 inibant
666 1301 850 1381 societates
875 1301 911 1366 in
936 1301 1062 1386 quibus
1087 1301 1167 1366 socii
1192 1307 1291 1367 erant
1314 1322 1357 1366 ex
1379 1305 1460 1386 parte

308 1415 405 1480 sortis
429 1435 534 1501 quam
557 1415 844 1481 ministraverant.
866 1413 893 1500 8)
916 1414 1009 1493 Quin
1022 1435 1083 1500 pro
1097 1415 1261 1480 varietate
1275 1411 1460 1479 reruminfi-

308 1527 400 1592 nitae
424 1533 521 1592 erant
543 1528 800 1615 redemptorum
823 1529 958 1614 speciae,
985 1529 1045 1615 qui
1058 1549 1161 1615 opera
1173 1527 1315 1614 publica
1327 1525 1460 1593 curanda

309 1638 527 1726 recipiebant,
551 1641 578 1728 4)
612 1641 850 1708 conducebant
883 1641 1079 1728 praebenda
1104 1662 1192 1728 quae
1218 1641 1264 1706 ad
1287 1641 1460 1706 exercitum
1513 1685 1514 1730 3

309 1775 394 1840 opus
417 1759 522 1836 erant,
538 1753 561 1841 ὅ)
588 1754 711 1820 atalia
733 1755 867 1840 generis
890 1755 1052 1820 eiusdem.
1066 1754 1092 1841 ⁶)
1127 1753 1197 1819 Alii
1224 1755 1407 1841 pecuniam
1427 1753 1456 1816 in

309 1888 349 1933 ea
383 1867 603 1934 conferebant
637 1889 724 1955 quae
748 1868 818 1934 solo
841 1868 1069 1934 continentur.
1117 1867 1349 1950 Omittoeam
1371 1887 1460 1954 quarn
1510 1875 1514 1958 3¹

311 1981 522 2062 „fundabant
543 1981 661 2046 nitidis
683 1981 794 2048 villis''
819 1980 845 2069 7)
869 1981 924 2048 vel
952 1978 1073 2066 „regiis
1098 1979 1278 2046 molibus’'
1294 1980 1321 2068 8)
1337 1981 1382 2048 Ut
1393 2000 1460 2048 vero
1511 1979 1514 2060 ζ

308 2095 382 2181 ipsa
403 2094 585 2160 latifundia
607 2095 740 2180 ingenti
763 2117 906 2161 numero
919 2116 1097 2162 servorum
1109 2093 1252 2160 colenda
1263 2093 1429 2173 curabant,
1440 2091 1460 2177 9)

307 2209 355 2274 ita
376 2209 472 2275 varia
495 2229 631 2295 quoque
655 2229 767 2294 opera,
793 2229 880 2295 quae
904 2209 941 2274 in
964 2208 1079 2274 fundis
1103 2206 1338 2295 habebant,¹⁰)
1366 2208 1459 2272 sinon
1512 2181 1514 2269 l

309 2321 468 2387 locabant
501 2321 773 2403 conductoribus,
798 2323 903 2389 servis
927 2322 982 2390 vel
1003 2321 1171 2388 libertinis
1194 2322 1347 2388 curanda
1369 2320 1459 2386 trade·
1512 2320 1513 2380 ³

310 2435 402 2501 bant.
428 2433 468 2522 11)
503 2435 616 2500 Paene
650 2435 775 2516 omnia,
812 2435 937 2522 quibus
961 2435 1122 2501 dominus
1146 2441 1269 2520 egeret,
1301 2435 1387 2502 servi
1407 2431 1460 2519 ipsi
1512 2469 1514 2528 3

310 2545 574 2614 fabricabantur.
589 2546 628 2635 12)
662 2549 734 2618 Vix
771 2570 856 2636 opus
891 2555 941 2615 est
963 2549 1074 2614 dicere
1111 2548 1262 2615 divitum
1293 2548 1459 2636 pecuniam

308 2787 389 2833 cetera.
425 2783 613 2848 appellabantur
637 2785 772 2848 argentarii
798 2785 961 2842 nummularii,
981 2785 1099 2834 mensarii.
1117 2785 1153 2834 Of.
1172 2787 1307 2846 Drumann,
1325 2787 1426 2837 Arbeiter
1439 2802 1458 2834 ιι.
1512 2777 1514 2806 ³

308 2866 495 2923 Communisten,
513 2883 564 2930 pag.
583 2866 647 2923 291;
665 2867 742 2930 Marq.
761 2867 816 2916 StV.
835 2867 872 2917 11²
889 2884 940 2932 pag.
960 2869 992 2916 64
1009 2885 1071 2932 seqq.
1512 2911 1513 2914 ,

344 2949 361 3011 ¹)
387 2950 530 3014 Exemplum
555 2951 656 2998 afferam.
674 2950 785 3013 Legimus
802 2951 865 3015 apud
882 2952 1019 3000 Ciceronem
1037 2953 1084 3014 (Ad
1101 2953 1151 3001 Att.
1170 2952 1198 3010 V,
1218 2953 1258 3010 21,
1278 2953 1334 3014 la:
1352 2952 1459 3018 „ISalami
1512 2957 1514 2994 ἒ

308 3033 366 3093 niis)
392 3033 461 3081 Bruti
483 3033 620 3089 familiares,
637 3032 691 3081 freti
708 3033 784 3095 gratia
802 3034 878 3092 Bruti,
897 3035 951 3083 dare
969 3035 1078 3083 volebant
1095 3035 1214 3100 quaternis
1231 3036 1325 3100 (48⁰5),
1343 3037 1362 3085 si
1378 3036 1419 3085 sibi
1434 3051 1461 3082 ae·

307 3118 376 3164 natus
393 3115 501 3163 consulto
517 3114 664 3164 careretur.’'
1510 3098 1514 3141 l

340 3198 360 3259 ἲ)
378 3198 442 3247 Plin.
461 3199 491 3247 N.
509 3199 542 3247 H.
560 3198 671 3256 XXXIII,
691 3199 714 3258 3,
731 3200 771 3248 48.
1511 3148 1516 3287 t

340 3281 360 3340 ³)
377 3281 454 3345 Marq.
473 3280 490 3329 l.
508 3280 525 3330 l.
544 3297 596 3345 pag.
615 3281 670 3330 300.
1510 3292 1514 3391 q

340 3364 360 3424 ⁴)
377 3363 427 3412 Cio.
446 3363 529 3412 Parad.
546 3364 589 3420 vl,
607 3364 655 3421 ao;
673 3364 725 3413 Liv.
743 3365 850 3423 XXXIX,
869 3367 909 3423 44,
928 3367 959 3424 a;
980 3369 1024 3415 ete.
1511 3398 1515 3435 Ι

342 3446 360 3505 ⁵)
378 3445 414 3494 cr.
432 3463 452 3494 e.
469 3462 491 3509 g.
510 3446 562 3494 m.
580 3447 671 3504 ιιιιιιι,
690 3448 730 3505 aa,
749 3447 788 3496 ιι.
1065 3438 1066 3441 ’
1510 3437 1516 3529 J

341 3529 360 3590 ἦ)
377 3528 469 3578 Privati
486 3545 578 3592 quoque
594 3529 702 3578 homines
719 3530 745 3578 in
763 3547 814 3578 eam
831 3547 855 3579 se
872 3531 1067 3580 consuetudinem
1085 3531 1230 3581 adducebant
1248 3535 1275 3582 ut
1292 3527 1460 3598 operasaciendr
1510 3535 1514 3579 l

306 3613 410 3661 locarent
427 3611 589 3676 culturamque
606 3629 716 3676 agrorum
733 3629 857 3677 operarum
875 3614 979 3678 mancipi
996 3615 1121 3664 traderent.
1140 3615 1176 3664 cf.
1197 3615 1260 3664 Suet.
1282 3617 1348 3680 Vesp.
1366 3617 1387 3665 1.
1510 3658 1514 3685 ,

341 3693 361 3755 ἲ)
378 3695 436 3743 Hor.
455 3694 531 3759 Epist.
550 3695 571 3752 1,
590 3695 629 3754 15,
647 3697 687 3743 46.
1510 3688 1514 3759 )

340 3777 359 3840 ⁸)
377 3779 437 3826 Hor.
455 3777 536 3827 Germ.
553 3778 587 3835 11,
606 3778 645 3836 15,
665 3779 675 3826 I
697 3795 761 3842 seqq.
1510 3770 1514 3827 l

341 3859 361 3921 ⁹)
378 3860 415 3910 cf.
433 3861 487 3910 Sen.
505 3861 541 3908 De
558 3861 640 3910 Benaf.
657 3860 712 3918 VII,
732 3861 771 3919 10,
789 3861 811 3909 5.

340 3941 370 4004 1⁰)
387 3943 421 3992 Ut
446 3943 568 4000 textrinae,
595 3943 706 3999 bistones,
732 3942 844 4006 agitare,
870 3944 977 4007 argenti
991 3945 1085 3994 fodinae
1102 3948 1125 3994 et
1142 3945 1189 3994 alia
1206 3946 1311 4007 metalla,
1328 3943 1461 4011 lapicidinae,

308 4024 450 4084 harenariae,
475 4025 584 4074 tabemaa
612 4042 704 4090 qnoque
730 4026 882 4083 deuersoriae,
908 4043 965 4090 quas
990 4029 1121 4077 fructuosas
1146 4029 1219 4078 fnisse
1237 4031 1311 4079 Varro
1329 4033 1411 4078 narrat.
1432 4026 1461 4073 De

308 4107 372 4156 hisee
389 4107 499 4156 omnibus
515 4109 545 4156 cf.
563 4108 636 4156 Varro
654 4109 683 4156 R.
701 4107 730 4155 R.
748 4108 768 4164 I,
788 4107 810 4166 2,
829 4109 859 4156 21
878 4124 941 4173 seqq.

344 4189 372 4252 ¹¹)
389 4190 425 4238 ef.
443 4189 521 4254 Marq.
539 4189 652 4239 Privata
669 4206 720 4254 pag.
740 4189 786 4239 151
806 4207 868 4255 seqq.

342 4272 371 4336 ¹¹)
389 4273 458 4339 Quod
473 4276 523 4322 tam
539 4273 679 4338 generaliter
696 4273 786 4322 dietum
803 4273 952 4341 impugnant,
969 4276 998 4326 de
1014 4276 1181 4343 imperatorum
1202 4281 1276 4328 aetate
1293 4308 1325 4320 -
1342 4279 1380 4328 cni
1396 4274 1459 4342 prisca
