3122 5130
877 547 918 610 cl

313 723 504 792 occasiones
542 723 578 788 in
615 721 858 810 qualicumque
893 746 928 789 re
966 733 1146 812 quaestum
1181 726 1337 793 faciendi.
1379 727 1477 807 Quod

314 860 432 905 revera
453 839 500 902 ita
527 837 627 902 fuisse
651 836 874 902 Friedlander
899 837 923 923 ¹)
947 839 1103 920 affirmat,
1128 841 1324 906 Pdhlmann
1338 841 1476 929 padau-

314 952 408 1017 bitat.
432 951 561 1029 Quodsi
584 950 710 1034 cogites
735 957 901 1036 quantam
923 950 1145 1036 collegiorum
1168 954 1397 1041 frequentiam
1408 955 1476 1040 ipsa

314 1066 497 1132 Caesarum
531 1071 686 1149 tempora
720 1063 905 1144 attulerint,
938 1063 964 1151 ³)
988 1064 1159 1152 simulque
1183 1067 1393 1152 pedetentim
1417 1089 1476 1132 ser-

315 1201 438 1245 vorum
460 1199 646 1243 numerum
669 1198 738 1242 esse
762 1177 947 1258 minutum,
962 1178 987 1264 4)
1011 1201 1073 1263 ego
1098 1202 1243 1246 asserere
1268 1181 1475 1246 nondubita·

315 1294 424 1360 verim
450 1293 662 1358 occasionem
685 1291 816 1356 victum
840 1291 1055 1376 quaeritandi
1079 1300 1112 1358 et
1125 1292 1271 1358 adfuisse
1286 1293 1474 1358 etamultis

315 1407 416 1472 fuisse
447 1412 628 1491 arreptam.
675 1404 754 1468 Non
785 1411 901 1468 tamen
932 1412 982 1470 est
1002 1405 1274 1472 obliviscendum
1300 1408 1390 1474 cives
1412 1407 1474 1493 ple·

316 1541 461 1606 rumque
495 1517 632 1584 fabriles
655 1539 774 1603 operas
796 1519 1037 1604 contempsisse
1061 1525 1095 1584 et
1118 1507 1264 1605 publicis
1289 1521 1474 1606 sumptibus

314 1633 461 1713 vvinisse;
487 1653 591 1719 quare
616 1652 742 1716 magna
765 1654 843 1717 pars
866 1633 1101 1718 operariorum
1126 1655 1143 1698 e
1167 1633 1336 1698 libertinis
1360 1633 1473 1700 consti-

316 1749 393 1812 tisse
418 1745 645 1812 existimanda
667 1752 725 1810 eat.
752 1745 776 1830 5)

360 1861 481 1946 Itaque
528 1859 555 1924 si
599 1881 673 1924 rem
714 1879 854 1924 omnem
888 1867 1016 1944 spectes
1050 1881 1113 1925 nec
1148 1882 1218 1925 non
1253 1867 1331 1926 ante
1367 1860 1473 1927 oculos

315 1975 441 2041 habeas
473 1979 642 2060 quantum
673 1970 844 2036 commodi
867 1970 1043 2037 Romanae
1066 1972 1159 2059 plebi
1182 1974 1387 2040 redundaret
1409 1994 1472 2038 non

295 2089 416 2155 'modo
440 2109 484 2152 ex
506 2107 663 2152 annonae
688 2106 779 2165 cura,
803 2086 1047 2151 verumetiam
1071 2108 1114 2150 ex
1138 2067 1303 2152 frumenti
1326 2086 1473 2172 gratuitis

315 2200 620 2280 distributionibus,
657 2198 782 2284 quibus
818 2198 1033 2264 addebantur
1067 2200 1140 2264 vini
1166 2201 1244 2266 salis
1268 2201 1342 2282 olei,
1367 2207 1473 2288 postea

316 2317 419 2381 etiam
443 2315 553 2380 carnis
577 2307 759 2396 congiaria,
789 2333 889 2397 porro
919 2309 962 2378 ex
986 2307 1099 2398 epulis
1118 2315 1290 2401 variisque
1314 2312 1473 2381 sollemni·

314 2428 378 2494 bus
401 2466 445 2476 -
468 2427 508 2492 de
534 2425 658 2512 quibus
681 2425 840 2490 omnibus
861 2426 898 2490 in
926 2426 1031 2491 altero
1053 2426 1140 2492 libro
1165 2427 1317 2493 dicturus
1339 2450 1413 2494 sum
1424 2463 1469 2504 -,

314 2544 383 2608 iam
408 2548 560 2607 constare
585 2539 671 2603 mihi
695 2539 830 2604 videtur
854 2540 971 2626 utique
995 2541 1032 2604 in
1056 2541 1191 2606 cibariis
1215 2543 1251 2606 in
1275 2542 1471 2607 urbeRoma

315 2655 559 2742 pauperiorum
593 2653 829 2718 condicionem
864 2674 932 2718 non
968 2655 1071 2718 nimis
1096 2655 1196 2720 fuisse
1218 2655 1383 2741 iniquam.
1422 2654 1472 2718 At·

315 2777 430 2835 tamen
453 2767 643 2832 tenendum
666 2788 722 2831 eos
746 2767 805 2852 qui
830 2767 965 2833 civitate
990 2789 1060 2832 non
1085 2769 1279 2834 fruerentur
1293 2769 1408 2834 multis
1420 2787 1470 2830 no-

315 2881 466 2947 minibus
488 2881 589 2944 fuisse
614 2880 778 2944 deteriore
803 2886 901 2944 statu.
928 2879 953 2966 ὃ)

359 2995 459 3074 Quod
482 2994 526 3058 ad
549 2994 571 3059 d
584 3015 602 3058 o
616 2993 674 3086 mi
687 3015 704 3057 e
716 2993 727 3056 i
739 2993 751 3057 l
764 2993 807 3057 ia
830 2995 1002 3059 tenuiores
1026 2996 1140 3060 minus
1165 2995 1251 3061 bene
1271 3019 1304 3061 se
1323 2995 1470 3061 habuisse

315 3108 459 3197 putandi
493 3114 581 3172 sunt.
617 3107 717 3185 Quod
752 3106 899 3172 breviter
934 3108 1165 3174 demonstrare
1190 3109 1347 3174 conabor.
1382 3110 1471 3173 Prae·

313 3224 401 3290 clare
425 3229 458 3287 et
492 3222 624 3307 copiose
664 3222 752 3285 hanc
788 3222 1022 3306 quaestionem
1045 3223 1204 3288 tractavit
1226 3223 1428 3301 Pdhlmann,
1452 3216 1471 3286 ⁷)

315 3375 509 3387 ——---

350 3460 366 3520 1)
391 3459 408 3507 l.
427 3458 444 3507 l.
464 3474 515 3522 pag.
534 3456 597 3506 298:
634 3456 802 3520 „Gelegcnheit
827 3473 881 3505 zum
899 3458 996 3507 Erwerb
1014 3473 1063 3506 wer
1080 3459 1140 3508 auch
1158 3459 1211 3508 dem
1224 3459 1354 3516 Aermsten,
1370 3473 1435 3506 wenn
1451 3468 1472 3500 er

312 3543 381 3592 keine
398 3541 481 3590 Arbeit
499 3541 598 3596 scheuta
617 3539 642 3589 in
661 3541 721 3588 Rom
738 3541 779 3588 aul
794 3539 856 3588 allen
874 3541 952 3589 Seiten
969 3541 1091 3604 geboten.”

346 3625 399 3685 ²31.
419 3625 435 3673 l.
454 3641 505 3688 pag.
527 3623 558 3671 36
576 3623 629 3670 ndu.
649 3623 671 3671 2,

345 3709 365 3770 ³)
383 3709 420 3758 Of.
437 3707 564 3770 Waltzing,
582 3690 658 3753 itudo
675 3706 729 3754 hist.
749 3723 789 3754 sur
806 3707 839 3754 les
857 3724 919 3771 corp,
939 3709 999 3771 prof.
1018 3707 1071 3756 cher
1089 3708 1123 3756 les
1142 3709 1217 3765 Rom,
1235 3709 1247 3757 I
1262 3725 1313 3772 pag.
1327 3709 1365 3765 32,
1377 3707 1471 3764 153seq.

351 3793 370 3852 ⁴)
386 3791 423 3840 Cf.
441 3807 512 3854 supra
528 3805 579 3854 pag.
597 3790 635 3836 55.

348 3875 365 3934 5)
383 3875 419 3923 Os.
438 3875 572 3922 Mommsen
590 3861 617 3919 R.
636 3873 664 3919 G.
682 3872 731 3919 ΙΙΙ8
748 3888 799 3936 pag.
819 3873 883 3920 511:
922 3875 994 3938 ,Una
1011 3873 1069 3922 eben
1087 3874 1126 3922 die
1146 3874 1335 3938 Freigelassenen
1352 3865 1473 3936 zogeusioh

314 3973 356 4006 vor
371 3957 443 4005 allem
460 3956 520 4004 uach
540 3956 581 4003 de'r
598 3955 750 4018 Hauptstadt
768 3971 803 4002 wo
821 3972 844 4002 es
863 3957 988 4004 Verdieust
1005 3956 1149 4005 mancherlei
1170 3960 1214 4005 Art
1231 3957 1274 4020 gab
1293 3958 1342 4005 und
1351 3957 1392 4004 der
1400 3951 1472 4002 Klein-

312 4040 398 4089 handel
417 4041 461 4088 wie
478 4040 518 4088 das
535 4037 615 4086 lleine
633 4037 768 4086 Haudwerk
786 4039 831 4086 last
848 4055 906 4101 ganz
925 4039 950 4086 in
969 4039 1036 4087 ihren
1055 4040 1155 4088 H'andeu
1173 4039 1275 4088 waren.’'

348 4125 367 4184 ⁶)
386 4125 422 4172 Os.
441 4122 590 4171 Prooemium
608 4136 659 4184 pag.
679 4121 700 4168 8.

346 4207 366 4266 ⁷)
392 4192 521 4255 llbervdllr.
547 4219 598 4268 pag.
617 4202 740 4254 73-113.
767 4203 847 4250 Etiam
865 4203 1018 4251 conferendus
1035 4207 1070 4251 est
1087 4181 1239 4253 Friedliuder
1256 4204 1299 4254 l.l.
1318 4221 1368 4269 pag,
1389 4205 1473 4262 tanqu

322 4289 365 4340 ubi
382 4289 432 4356 agit
449 4291 477 4338 de
494 4288 551 4337 urbe
568 4288 650 4335 Roma
