3122 5130
834 651 876 715 lb*

273 829 384 896 uarias
407 849 524 894 causas
548 825 776 912 reipublicae
800 829 934 894 funesto
958 828 1097 895 obviam
1120 827 1168 893 ire
1192 829 1346 915 itemque
1373 828 1472 895 vin-

272 942 390 1007 culurn
434 940 560 1006 inicere
595 938 876 1026 periclitabantur
909 940 1112 1006 immodicae
1148 940 1338 1027 cupiditati,
1379 962 1470 1028 qua
1557 984 1558 1030 ι

273 1055 395 1121 divites
422 1061 520 1139 agros
543 1052 790 1120 continuabant
814 1051 850 1140 ¹).
875 1052 1002 1119 Omnia
1026 1054 1159 1119 frustra.
1196 1053 1288 1120 Ordo
1312 1061 1469 1120 senato-
1557 1033 1558 1038 ¹

271 1168 351 1249 riae,
376 1174 414 1233 ut
437 1189 457 1232 a
479 1166 625 1251 negotiis
647 1166 805 1251 gerendis
828 1167 985 1232 exclusus
1008 1175 1090 1248 erat,
1114 1169 1162 1232 ita
1186 1169 1300 1232 minus
1323 1188 1468 1253 grava-

272 1281 372 1347 batur
394 1279 420 1367 8)
446 1280 671 1364 ,coniungere
696 1278 838 1344 domum
851 1281 895 1345 ad
907 1279 1048 1346 domurn
1062 1287 1096 1346 et
1108 1302 1230 1366 agrum
1245 1301 1327 1365 agro
1340 1301 1467 1367 copu-

270 1393 340 1460 lare
363 1415 471 1479 usque
496 1392 540 1458 ad
562 1393 749 1458 terminum
773 1391 869 1473 loci'',
895 1399 933 1459 ut
956 1392 1006 1457 illi
1029 1393 1216 1481 locupletes
1229 1393 1354 1480 quibus
1365 1416 1464 1480 pro-

206 1561 208 1570 ,
270 1507 375 1593 pheta
407 1506 512 1572 isaias
545 1504 572 1592 ⁸)
606 1506 754 1571 Iehovao
789 1505 901 1572 verbis
937 1506 1048 1572 minas
1082 1507 1171 1588 iacit,
1208 1529 1288 1572 cum
1317 1508 1459 1573 acerba

270 1619 538 1686 dissimulatione
563 1640 738 1705 quaerens
763 1619 934 1706 numquid
957 1619 1145 1685 habitaturi
1168 1626 1279 1686 essent
1292 1618 1343 1684 illi
1357 1621 1457 1699 ,soli

270 1736 307 1799 in
331 1733 443 1799 medio
466 1734 607 1798 terrae.''
633 1732 815 1798 Traditum
838 1740 888 1798 est
902 1733 972 1798 iam
985 1755 1077 1799 anno
1089 1755 1118 1800 a.
1134 1756 1165 1799 a.
1179 1756 1207 1799 c.
1223 1734 1288 1798 620
1301 1733 1343 1820 (a.
1357 1734 1453 1800 Chr.

272 1871 305 1914 a.
327 1848 404 1935 234)
417 1848 453 1912 in
462 1846 600 1912 Etruria
612 1845 748 1911 nullum
761 1845 909 1932 amplius
921 1846 1106 1931 agricolam
1118 1847 1229 1927 faisse,
1244 1847 1303 1932 qui
1316 1868 1454 1932 agrurn

270 1963 463 2027 immunem
484 1958 699 2045 liberumque
723 1966 843 2026 araret.
864 1960 890 2045 ⁴)
924 1959 978 2025 Sic
1002 1959 1198 2026 oriebantur
1208 1960 1405 2042 latifundia,
1423 1963 1450 2049 ⁵)

270 2097 356 2163 quae
379 2074 511 2140 Plinius
533 2074 571 2138 in
594 2073 736 2138 summis
760 2072 858 2138 malis
882 2074 979 2159 ponit
996 2095 1084 2160 quae
1097 2075 1229 2140 civitati
1242 2075 1448 2141 acciderint.

270 2188 453 2254 Exclamat
475 2187 588 2253 onim:
639 2187 858 2272 „Verumque
882 2187 1125 2253 confitentibus
1135 2187 1318 2252 latifundia
1330 2189 1450 2274 perdi-

273 2303 351 2368 dere
386 2301 532 2382 ltaliam,
561 2300 632 2364 iam
663 2320 742 2365 vero
765 2305 799 2364 et
825 2301 1050 2386 provincias.''
1077 2299 1104 2388 ⁶)
1149 2302 1203 2366 Ita
1226 2322 1296 2367 sors
1319 2323 1449 2368 eorum

271 2417 331 2502 qui
365 2415 541 2500 quondam
575 2412 658 2478 navi
693 2419 726 2477 et
762 2412 921 2478 industrii
956 2415 1124 2498 agricolao
1148 2416 1342 2480 lucrantia
1367 2415 1449 2482 dies

305 2624 322 2684 ¹)
349 2623 412 2672 Haec
437 2621 517 2670 omnia
542 2619 646 2669 dilucida
672 2619 780 2683 exposuit
805 2621 928 2685 Appianas
955 2623 991 2682 (Β.
1018 2623 1044 2670 C.
1072 2623 1101 2681 I,
1128 2625 1151 2683 8)
1170 2652 1201 2658 -
1219 2624 1315 2688 respicit
1330 2625 1359 2673 nd
1375 2624 1449 2690 leges

268 2713 373 2761 Licinias
399 2731 442 2759 -—:
464 2701 592 2778 ηέκμναν
612 2700 724 2777 μηδένα
746 2699 823 2780 ἔχειν
842 2703 930 2772 πῆςὸε
951 2713 1006 2773 τῆς
1026 2714 1085 2779 γῆς
1106 2706 1228 2781 πλέθρα
1238 2713 1450 2770 πεντακοσίων

269 2805 400 2873 πλείονα,
422 2795 499 2875 μηδὲ
517 2796 711 2873 προβατεύειν
732 2795 837 2860 ἕκατον
857 2804 950 2858 πλείω
970 2799 1010 2860 τὰ
1031 2803 1150 2878 μείζονα
1170 2802 1219 2864 καί
1238 2807 1449 2866 πεντακοσίων

267 2895 307 2955 τὰ
338 2893 497 2956 ἐλάσσονα.
527 2893 576 2957 καί
608 2890 637 2961 ἐς
657 2898 754 2951 ταῦτα
776 2893 802 2952 i’
824 2891 920 2964 αὐτοῖς
941 2895 1070 2973 ἀριθμὸν
1090 2896 1249 2973 ἐλευθέρων
1270 2897 1348 2978 ἔχειν
1370 2896 1443 2960 ἕπε’-

266 2991 373 3072 παξαν,
395 2995 423 3051 ol*
438 2990 478 3052 πα
498 2987 661 3065 γιγνόμενα
683 2987 819 3068 φυλάξειν
838 3011 873 3049 πε
894 2992 943 3053 καί
962 2994 1100 3068 μηνύσειν
1124 2993 1260 3070 ἐ’μελλον.
1282 2999 1310 3054 οἳ
1326 2992 1381 3071 μὲν
1403 2996 1442 3062 δὴ

266 3088 339 3149 τάδε
370 3088 448 3166 νόμῳ
478 3083 695 3161 περιλαβόντες
719 3081 880 3159 ἐπώμοσαν
898 3084 945 3147 ἐπὶ
965 3096 1007 3166 τῷ
1031 3091 1112 3168 νόμῳ
1132 3090 1181 3154 καὶ
1201 3091 1311 3167 ζημίαν
1332 3091 1442 3165 ὥρισαν

266 3232 272 3245 .
286 3213 299 3244 .<
309 3229 393 3244 .....
415 3181 529 3264 φροντίς
551 3181 576 3240 i’
599 3176 718 3255 οὐδεμία
740 3165 775 3247 ἦν
796 3181 866 3241 οὔτε
878 3191 936 3242 τῶν
949 3184 1043 3260 νόμων
1054 3187 1120 3247 οὔτε
1132 3194 1192 3246 τῶν
1203 3185 1293 3262 ὅρκων
1304 3211 1333 3249 ιι.
1345 3209 1374 3246 π.
1386 3189 1440 3246 λ.”

266 3281 302 3330 Cf.
320 3281 391 3330 etiem
408 3279 462 3328 Liv.
478 3277 552 3335 XLII,
572 3277 594 3334 1,
612 3276 643 3332 6;
661 3275 710 3324 cic.
728 3276 764 3324 De
780 3277 834 3340 Leg.
853 3295 900 3342 agr.
919 3280 951 3338 II,
970 3281 1009 3340 28,
1030 3282 1076 3337 78;
1095 3284 1195 3348 Appian.
1206 3284 1222 3332 1.
1232 3283 1250 3332 l.
1260 3284 1316 3349 Cap.
1327 3287 1341 3333 9
1352 3285 1388 3346 (de
1397 3285 1440 3332 ri-

264 3365 332 3413 berio
349 3361 479 3422 Graccho);
497 3365 555 3417 etc,
574 3362 597 3407 et
613 3358 639 3406 in
656 3357 727 3405 Libro
745 3359 770 3406 11
787 3359 863 3424 Caput
880 3362 908 3408 de
925 3362 1026 3425 Legibus
1044 3365 1143 3428 agrariis
1160 3366 1229 3415 etde
1247 3365 1363 3416 coloniis⁴

299 3447 318 3508 ²)
336 3447 373 3496 Os.
390 3446 434 3494 iii.
452 3443 541 3508 Meyer,
558 3442 603 3490 Die
619 3440 764 3490 uirtschastl.
783 3441 964 3508 Entwickelang
981 3446 1020 3494 des
1039 3447 1179 3508 Altertams,
1196 3465 1247 3514 pag.
1268 3449 1299 3497 58
1316 3451 1370 3499 adn.
1389 3451 1413 3498 3.

297 3527 456 3590 hut&

299 3613 319 3674 ⁴)
336 3612 449 3660 Momme.
467 3608 496 3657 R.
514 3608 542 3656 G.
561 3607 596 3656 11⁸
613 3624 665 3672 pag.
685 3608 725 3667 81,
742 3607 783 3656 abi
801 3611 874 3657 errato
891 3610 1057 3674 typographica
1075 3611 1161 3676 legitur
1177 3629 1253 3662 annus
1270 3630 1290 3661 a.
1308 3603 1332 3662 a.
1350 3631 1370 3664 c.
1381 3615 1439 3665 520.

301 3698 318 3759 ι)
337 3697 439 3763 Appian.
457 3695 474 3746 l.
492 3694 509 3743 1.
528 3694 593 3760 (Cap.
612 3695 651 3755 li:
677 3689 781 3756 ηπεδία
802 3689 904 3765 μακρὰ
926 3690 992 3750 ἀντὶ
1013 3699 1123 3772 χωμίων
1144 3691 1337 3771 ἑγεὼμγοον.”
1427 3771 1430 3778 .

299 3791 318 3850 ί)
336 3789 400 3837 Plia.
419 3789 448 3836 N.
467 3787 499 3835 H.
517 3785 605 3842 Xlllll,
624 3787 646 3845 6,
666 3787 705 3861 35
722 3787 758 3834 De
776 3787 844 3834 ruodo
858 3803 905 3851 qao
915 3787 970 3836 haec
981 3787 1055 3837 Plinii
1067 3792 1137 3839 verba
1146 3793 1281 3856 accipienda
1290 3797 1346 3841 sunt
1355 3793 1440 3842 scribit

266 3873 354 3923 Friedl.
373 3870 527 3934 Sittengesch.
546 3870 616 3916 ltome
627 3869 649 3918 Ιε
663 3885 715 3933 pag.
726 3869 773 3916 368
785 3897 814 3904 -
825 3873 918 3918 secatus
927 3874 960 3918 est
970 3871 1113 3932 Mommsen,
1122 3874 1167 3921 Die
1176 3873 1284 3923 italisrhe
1294 3875 1439 3926 Bodeuthei·

266 3945 327 4019 lang
344 3955 394 4003 aad
410 3954 449 4002 die
466 3951 682 4008 Alimentartafela,
699 3951 725 3998 in
744 3951 843 3999 Hermes
861 3951 916 3999 xix
934 3953 1017 4014 (1884)
1036 3975 1084 4002 —:
1103 3957 1160 4018 „der
1176 3961 1196 4004 ti.
1215 3955 1310 4008 Plinius
1327 3958 1439 4008 kaaabei

266 4039 357 4088 seinem
381 4037 514 4085 bekannhn
531 4033 677 4098 Anssprach,
695 4033 748 4081 dass
765 4033 806 4081 der
824 4033 1045 4097 Grossgruadbesitz
1061 4036 1147 4087 ltalien
1164 4055 1192 4087 za
1210 4039 1306 4089 Grande
1323 4043 1440 4105 geriohtet

266 4123 332 4181 habe,
354 4120 403 4169 und
428 4135 477 4168 naa
503 4117 562 4166 auch
587 4118 625 4167 die
650 4117 790 4172 Pronnaea,
813 4116 859 4164 wol
885 4134 932 4166 aar
958 4135 987 4166 aa
1006 4119 1043 4168 die
1061 4120 1230 4187 Verdriiagaag
1246 4124 1287 4172 der
1304 4127 1439 4191 enisusigen

266 4205 428 4255 Kleiabauera
453 4200 528 4251 durch
553 4199 591 4248 die
616 4198 819 4262 eigenthumlosen
847 4197 1017 4263 Kleinpitchter
1042 4203 1140 4266 gedaclit
1165 4205 1265 4255 habea.''
1301 4209 1335 4257 111
1352 4210 1439 4258 Klein·

266 4290 368 4354 pdctter
392 4283 571 4352 appellabantur
595 4279 719 4345 „coloni”
745 4280 833 4344 quibus
860 4281 987 4347 locupletes
1009 4285 1095 4334 fundos
1120 4303 1173 4340 suos
1189 4286 1298 4339 colendos
1315 4292 1442 4342 tradidisse

269 4373 332 4421 inira
348 4370 441 4421 docebo.
