<?xml version="1.0" encoding="UTF-8"?>
<!DOCTYPE html PUBLIC "-//W3C//DTD XHTML 1.0 Transitional//EN"
    "http://www.w3.org/TR/xhtml1/DTD/xhtml1-transitional.dtd">
<html xmlns="http://www.w3.org/1999/xhtml" xml:lang="en" lang="en">
 <head>
  <title>
</title>
<meta http-equiv="Content-Type" content="text/html;charset=utf-8" />
  <meta name='ocr-system' content='tesseract 3.04.00' />
  <meta name='ocr-capabilities' content='ocr_page ocr_carea ocr_par ocr_line ocrx_word'/>
</head>
<body>
  <div class='ocr_page' id='page_1' title='image "./depauperumcuraa01essegoog_0297.png"; bbox 0 0 3084 5128; ppageno 0'>
   <div class='ocr_carea' id='block_1_1' title="bbox 258 730 1439 933">
    <p class='ocr_par' dir='ltr' id='par_1_1' title="bbox 258 730 1439 933">
     <span class='ocr_line' id='line_1_1' title="bbox 302 730 1438 817; baseline 0 -20"><span class='ocrx_word' id='word_1_1' title='bbox 302 731 489 817; x_wconf 80' lang='lat' dir='ltr'>Pergamus</span> <span class='ocrx_word' id='word_1_2' title='bbox 515 732 586 797; x_wconf 91' lang='lat' dir='ltr'>iam</span> <span class='ocrx_word' id='word_1_3' title='bbox 609 730 652 797; x_wconf 88' lang='lat' dir='ltr'>ad</span> <span class='ocrx_word' id='word_1_4' title='bbox 675 730 766 798; x_wconf 86' lang='lat' dir='ltr'>looos</span> <span class='ocrx_word' id='word_1_5' title='bbox 790 731 973 799; x_wconf 90' lang='lat' dir='ltr'>nonnullos</span> <span class='ocrx_word' id='word_1_6' title='bbox 993 731 1084 799; x_wconf 91' lang='lat' dir='ltr'>inter</span> <span class='ocrx_word' id='word_1_7' title='bbox 1105 731 1243 813; x_wconf 91' lang='lat' dir='ltr'>multos,</span> <span class='ocrx_word' id='word_1_8' title='bbox 1268 730 1330 798; x_wconf 94' lang='lat' dir='ltr'>ubi</span> <span class='ocrx_word' id='word_1_9' title='bbox 1355 731 1438 798; x_wconf 92' lang='lat' dir='ltr'>cui·</span> 
     </span>
     <span class='ocr_line' id='line_1_2' title="bbox 258 845 1439 933; baseline 0 -22"><span class='ocrx_word' id='word_1_10' title='bbox 258 866 367 932; x_wconf 92' lang='lat' dir='ltr'>usque</span> <span class='ocrx_word' id='word_1_11' title='bbox 402 846 522 913; x_wconf 87' lang='lat' dir='ltr'>aetatis</span> <span class='ocrx_word' id='word_1_12' title='bbox 545 845 724 932; x_wconf 80' lang='lat' dir='ltr'>scriptores</span> <span class='ocrx_word' id='word_1_13' title='bbox 750 847 1030 933; x_wconf 77' lang='lat' dir='ltr'>„paupertatem”</span> <span class='ocrx_word' id='word_1_14' title='bbox 1055 845 1222 912; x_wconf 91' lang='lat' dir='ltr'>eiusmodi</span> <span class='ocrx_word' id='word_1_15' title='bbox 1248 866 1352 912; x_wconf 88' lang='lat' dir='ltr'>sensu</span> <span class='ocrx_word' id='word_1_16' title='bbox 1380 846 1439 911; x_wconf 91' lang='lat' dir='ltr'>in·</span> 
     </span>
    </p>
   </div>
   <div class='ocr_carea' id='block_1_2' title="bbox 258 958 1394 1840">
    <p class='ocr_par' dir='ltr' id='par_1_2' title="bbox 258 958 1394 1840">
     <span class='ocr_line' id='line_1_3' title="bbox 258 958 613 1047; baseline 0.003 -22"><span class='ocrx_word' id='word_1_17' title='bbox 258 958 428 1026; x_wconf 86' lang='lat' dir='ltr'>tellexisse</span> <span class='ocrx_word' id='word_1_18' title='bbox 460 966 613 1047; x_wconf 88' lang='lat' dir='ltr'>apparet.</span> 
     </span>
     <span class='ocr_line' id='line_1_4' title="bbox 303 1072 849 1160; baseline 0 -22"><span class='ocrx_word' id='word_1_19' title='bbox 303 1072 414 1139; x_wconf 91' lang='lat' dir='ltr'>Plaut.</span> <span class='ocrx_word' id='word_1_20' title='bbox 437 1072 538 1160; x_wconf 82' lang='lat' dir='ltr'>Epid.</span> <span class='ocrx_word' id='word_1_21' title='bbox 562 1073 608 1153; x_wconf 88' lang='grc' dir='ltr'>ΙΙ,</span> <span class='ocrx_word' id='word_1_22' title='bbox 635 1075 664 1153; x_wconf 91' lang='grc'>1,</span> <span class='ocrx_word' id='word_1_23' title='bbox 690 1073 710 1138; x_wconf 82' lang='grc'>2</span> <span class='ocrx_word' id='word_1_24' title='bbox 734 1094 849 1159; x_wconf 87' lang='lat' dir='ltr'>seqq.:</span> 
     </span>
     <span class='ocr_line' id='line_1_5' title="bbox 573 1185 1196 1273; baseline -0.003 -19"><span class='ocrx_word' id='word_1_25' title='bbox 573 1186 767 1266; x_wconf 74' lang='lat' dir='ltr'>,Quid&#39;est</span> <span class='ocrx_word' id='word_1_26' title='bbox 792 1186 883 1272; x_wconf 92' lang='lat' dir='ltr'>quod</span> <span class='ocrx_word' id='word_1_27' title='bbox 907 1185 1108 1273; x_wconf 90' lang='lat' dir='ltr'>pudendum</span> <span class='ocrx_word' id='word_1_28' title='bbox 1134 1186 1196 1252; x_wconf 91' lang='lat' dir='ltr'>siet</span> 
     </span>
     <span class='ocr_line' id='line_1_6' title="bbox 348 1298 1117 1387; baseline -0.001 -21"><span class='ocrx_word' id='word_1_29' title='bbox 348 1300 481 1366; x_wconf 84' lang='lat' dir='ltr'>Genera</span> <span class='ocrx_word' id='word_1_30' title='bbox 506 1306 622 1365; x_wconf 85' lang='lat' dir='ltr'>natam</span> <span class='ocrx_word' id='word_1_31' title='bbox 648 1298 738 1365; x_wconf 90' lang='lat' dir='ltr'>bono</span> <span class='ocrx_word' id='word_1_32' title='bbox 762 1320 948 1387; x_wconf 82' lang='lat' dir='ltr'>pauperem</span> <span class='ocrx_word' id='word_1_33' title='bbox 973 1299 1117 1366; x_wconf 92' lang='lat' dir='ltr'>domum</span> 
     </span>
     <span class='ocr_line' id='line_1_7' title="bbox 394 1413 801 1479; baseline 0 -1"><span class='ocrx_word' id='word_1_34' title='bbox 394 1413 525 1479; x_wconf 83' lang='lat' dir='ltr'>Ducere</span> <span class='ocrx_word' id='word_1_35' title='bbox 549 1419 582 1478; x_wconf 91' lang='lat' dir='ltr'>te</span> <span class='ocrx_word' id='word_1_36' title='bbox 607 1433 751 1479; x_wconf 86' lang='lat' dir='ltr'>uxorem</span> <span class='ocrx_word' id='word_1_37' title='bbox 765 1413 801 1478; x_wconf 76' lang='lat' dir='ltr'>‘l”</span> 
     </span>
     <span class='ocr_line' id='line_1_8' title="bbox 283 1515 762 1608; baseline 0 -16"><span class='ocrx_word' id='word_1_38' title='bbox 283 1515 379 1592; x_wconf 67' lang='lat' dir='ltr'>&#39;cie</span> <span class='ocrx_word' id='word_1_39' title='bbox 406 1527 505 1592; x_wconf 84' lang='lat' dir='ltr'>Tuso.</span> <span class='ocrx_word' id='word_1_40' title='bbox 529 1526 571 1608; x_wconf 89' lang='lat' dir='ltr'>V,</span> <span class='ocrx_word' id='word_1_41' title='bbox 597 1527 650 1608; x_wconf 87' lang='lat'>35,</span> <span class='ocrx_word' id='word_1_42' title='bbox 677 1527 762 1593; x_wconf 82' lang='lat'>102:</span> 
     </span>
     <span class='ocr_line' id='line_1_9' title="bbox 352 1639 1394 1728; baseline 0.001 -24"><span class='ocrx_word' id='word_1_43' title='bbox 352 1639 453 1720; x_wconf 88' lang='lat' dir='ltr'>„Dies</span> <span class='ocrx_word' id='word_1_44' title='bbox 488 1639 632 1721; x_wconf 88' lang='lat' dir='ltr'>deficiat,</span> <span class='ocrx_word' id='word_1_45' title='bbox 672 1641 700 1706; x_wconf 94' lang='lat' dir='ltr'>si</span> <span class='ocrx_word' id='word_1_46' title='bbox 734 1639 840 1708; x_wconf 91' lang='lat' dir='ltr'>velim</span> <span class='ocrx_word' id='word_1_47' title='bbox 875 1640 1086 1728; x_wconf 80' lang='lat' dir='ltr'>paupertatis</span> <span class='ocrx_word' id='word_1_48' title='bbox 1108 1661 1248 1706; x_wconf 87' lang='lat' dir='ltr'>causam</span> <span class='ocrx_word' id='word_1_49' title='bbox 1270 1639 1394 1706; x_wconf 86' lang='lat' dir='ltr'>defen-</span> 
     </span>
     <span class='ocr_line' id='line_1_10' title="bbox 305 1752 1393 1840; baseline 0 -22"><span class='ocrx_word' id='word_1_50' title='bbox 305 1752 396 1819; x_wconf 86' lang='lat' dir='ltr'>dere.</span> <span class='ocrx_word' id='word_1_51' title='bbox 441 1752 571 1840; x_wconf 89' lang='lat' dir='ltr'>Aperta</span> <span class='ocrx_word' id='word_1_52' title='bbox 593 1754 687 1820; x_wconf 92' lang='lat' dir='ltr'>enim</span> <span class='ocrx_word' id='word_1_53' title='bbox 711 1775 764 1820; x_wconf 88' lang='lat' dir='ltr'>res</span> <span class='ocrx_word' id='word_1_54' title='bbox 788 1760 846 1837; x_wconf 90' lang='lat' dir='ltr'>cst,</span> <span class='ocrx_word' id='word_1_55' title='bbox 872 1760 905 1821; x_wconf 89' lang='lat' dir='ltr'>et</span> <span class='ocrx_word' id='word_1_56' title='bbox 928 1753 1051 1820; x_wconf 81' lang='lat' dir='ltr'>cotidie</span> <span class='ocrx_word' id='word_1_57' title='bbox 1075 1774 1138 1819; x_wconf 91' lang='lat' dir='ltr'>nos</span> <span class='ocrx_word' id='word_1_58' title='bbox 1164 1753 1239 1840; x_wconf 86' lang='lat' dir='ltr'>ipsa</span> <span class='ocrx_word' id='word_1_59' title='bbox 1262 1757 1393 1819; x_wconf 89' lang='lat' dir='ltr'>natura</span> 
     </span>
    </p>
   </div>
   <div class='ocr_carea' id='block_1_3' title="bbox 304 1866 1393 2046">
    <p class='ocr_par' dir='ltr' id='par_1_3' title="bbox 304 1866 1393 2046">
     <span class='ocr_line' id='line_1_11' title="bbox 304 1866 1393 1956; baseline 0 -24"><span class='ocrx_word' id='word_1_60' title='bbox 304 1866 475 1945; x_wconf 86' lang='lat' dir='ltr'>admonet,</span> <span class='ocrx_word' id='word_1_61' title='bbox 501 1888 606 1953; x_wconf 90' lang='lat' dir='ltr'>quam</span> <span class='ocrx_word' id='word_1_62' title='bbox 629 1868 756 1954; x_wconf 83' lang='lat' dir='ltr'>paucis,</span> <span class='ocrx_word' id='word_1_63' title='bbox 782 1889 888 1956; x_wconf 86' lang='lat' dir='ltr'>quam</span> <span class='ocrx_word' id='word_1_64' title='bbox 910 1868 1026 1955; x_wconf 91' lang='lat' dir='ltr'>parvis</span> <span class='ocrx_word' id='word_1_65' title='bbox 1046 1866 1147 1934; x_wconf 90' lang='lat' dir='ltr'>rebus</span> <span class='ocrx_word' id='word_1_66' title='bbox 1159 1873 1266 1952; x_wconf 88' lang='lat' dir='ltr'>egeat,</span> <span class='ocrx_word' id='word_1_67' title='bbox 1281 1887 1393 1954; x_wconf 90' lang='lat' dir='ltr'>quam</span> 
     </span>
     <span class='ocr_line' id='line_1_12' title="bbox 305 1979 462 2046; baseline 0 0"><span class='ocrx_word' id='word_1_68' title='bbox 305 1979 462 2046; x_wconf 89' lang='lat' dir='ltr'>vilibus.”</span> 
     </span>
    </p>
   </div>
   <div class='ocr_carea' id='block_1_4' title="bbox 306 2093 1285 2296">
    <p class='ocr_par' dir='ltr' id='par_1_4' title="bbox 306 2093 1285 2296">
     <span class='ocr_line' id='line_1_13' title="bbox 306 2093 1285 2190; baseline 0.002 -30"><span class='ocrx_word' id='word_1_69' title='bbox 306 2093 406 2161; x_wconf 86' lang='lat' dir='ltr'>Ovid.</span> <span class='ocrx_word' id='word_1_70' title='bbox 431 2093 570 2161; x_wconf 88' lang='lat' dir='ltr'>Metam.</span> <span class='ocrx_word' id='word_1_71' title='bbox 595 2093 659 2176; x_wconf 93' lang='grc' dir='ltr'><strong>ΙΙΙ,</strong></span> <span class='ocrx_word' id='word_1_72' title='bbox 684 2094 749 2160; x_wconf 86' lang='grc'>586</span> <span class='ocrx_word' id='word_1_73' title='bbox 772 2117 864 2182; x_wconf 90' lang='lat' dir='ltr'>seq.:</span> <span class='ocrx_word' id='word_1_74' title='bbox 1281 2181 1285 2190; x_wconf 90' lang='lat'><em>.</em></span> 
     </span>
     <span class='ocr_line' id='line_1_14' title="bbox 352 2207 1254 2296; baseline -0.001 -23"><span class='ocrx_word' id='word_1_75' title='bbox 352 2208 507 2296; x_wconf 86' lang='lat' dir='ltr'>,Pauper</span> <span class='ocrx_word' id='word_1_76' title='bbox 530 2214 563 2275; x_wconf 90' lang='lat' dir='ltr'>et</span> <span class='ocrx_word' id='word_1_77' title='bbox 586 2208 657 2295; x_wconf 90' lang='lat' dir='ltr'>ipse</span> <span class='ocrx_word' id='word_1_78' title='bbox 684 2208 751 2274; x_wconf 89' lang='lat' dir='ltr'>fuit</span> <span class='ocrx_word' id='word_1_79' title='bbox 772 2207 912 2295; x_wconf 90' lang='lat' dir='ltr'>linoque</span> <span class='ocrx_word' id='word_1_80' title='bbox 937 2207 1066 2276; x_wconf 90' lang='lat' dir='ltr'>solebat</span> <span class='ocrx_word' id='word_1_81' title='bbox 1085 2214 1118 2275; x_wconf 90' lang='lat' dir='ltr'>ct</span> <span class='ocrx_word' id='word_1_82' title='bbox 1142 2207 1254 2273; x_wconf 88' lang='lat' dir='ltr'>hamis</span> 
     </span>
    </p>
   </div>
   <div class='ocr_carea' id='block_1_5' title="bbox 307 2320 1231 2516">
    <p class='ocr_par' dir='ltr' id='par_1_5' title="bbox 307 2320 1231 2516">
     <span class='ocr_line' id='line_1_15' title="bbox 351 2320 1231 2432; baseline 0.002 -46"><span class='ocrx_word' id='word_1_83' title='bbox 351 2321 516 2408; x_wconf 89' lang='lat' dir='ltr'>Decipere</span> <span class='ocrx_word' id='word_1_84' title='bbox 541 2327 574 2388; x_wconf 91' lang='lat' dir='ltr'>et</span> <span class='ocrx_word' id='word_1_85' title='bbox 597 2320 728 2388; x_wconf 88' lang='lat' dir='ltr'>calamo</span> <span class='ocrx_word' id='word_1_86' title='bbox 752 2320 910 2388; x_wconf 87' lang='lat' dir='ltr'>salientes</span> <span class='ocrx_word' id='word_1_87' title='bbox 932 2321 1055 2388; x_wconf 87' lang='lat' dir='ltr'>ducere</span> <span class='ocrx_word' id='word_1_88' title='bbox 1080 2321 1231 2432; x_wconf 84' lang='lat' dir='ltr'>pisces.&#39;&#39;¹</span> 
     </span>
     <span class='ocr_line' id='line_1_16' title="bbox 307 2433 630 2516; baseline 0.006 -17"><span class='ocrx_word' id='word_1_89' title='bbox 307 2433 395 2500; x_wconf 93' lang='lat' dir='ltr'>Ibid.</span> <span class='ocrx_word' id='word_1_90' title='bbox 419 2435 518 2516; x_wconf 87' lang='lat' dir='ltr'>XIII,</span> <span class='ocrx_word' id='word_1_91' title='bbox 544 2435 630 2501; x_wconf 83' lang='lat'>824:</span> 
     </span>
    </p>
   </div>
   <div class='ocr_carea' id='block_1_6' title="bbox 355 2547 980 2646">
    <p class='ocr_par' dir='ltr' id='par_1_6' title="bbox 355 2547 980 2646">
     <span class='ocr_line' id='line_1_17' title="bbox 355 2547 980 2646; baseline 0.006 -34"><span class='ocrx_word' id='word_1_92' title='bbox 355 2547 539 2635; x_wconf 85' lang='lat' dir='ltr'>,Pauperis</span> <span class='ocrx_word' id='word_1_93' title='bbox 563 2555 612 2614; x_wconf 89' lang='lat' dir='ltr'>est</span> <span class='ocrx_word' id='word_1_94' title='bbox 636 2570 818 2646; x_wconf 87' lang='lat' dir='ltr'>numerare</span> <span class='ocrx_word' id='word_1_95' title='bbox 842 2549 980 2637; x_wconf 88' lang='lat' dir='ltr'>pecus.&#39;&#39;</span> 
     </span>
    </p>
   </div>
   <div class='ocr_carea' id='block_1_7' title="bbox 263 2660 1443 2751">
    <p class='ocr_par' dir='ltr' id='par_1_7' title="bbox 263 2660 1443 2751">
     <span class='ocr_line' id='line_1_18' title="bbox 263 2660 1443 2751; baseline 0 -24"><span class='ocrx_word' id='word_1_96' title='bbox 263 2660 469 2748; x_wconf 89' lang='lat' dir='ltr'>Polyphemi</span> <span class='ocrx_word' id='word_1_97' title='bbox 502 2661 608 2730; x_wconf 88' lang='lat' dir='ltr'>verba</span> <span class='ocrx_word' id='word_1_98' title='bbox 634 2669 723 2744; x_wconf 89' lang='lat' dir='ltr'>sunt,</span> <span class='ocrx_word' id='word_1_99' title='bbox 748 2663 920 2745; x_wconf 87' lang='lat' dir='ltr'>Galateae,</span> <span class='ocrx_word' id='word_1_100' title='bbox 949 2685 1054 2751; x_wconf 87' lang='lat' dir='ltr'>quam</span> <span class='ocrx_word' id='word_1_101' title='bbox 1078 2661 1271 2742; x_wconf 85' lang='lat' dir='ltr'>adamabat,</span> <span class='ocrx_word' id='word_1_102' title='bbox 1297 2683 1443 2748; x_wconf 88' lang='lat' dir='ltr'>persua-</span> 
     </span>
    </p>
   </div>
   <div class='ocr_carea' id='block_1_8' title="bbox 264 2767 1444 4000">
    <p class='ocr_par' dir='ltr' id='par_1_8' title="bbox 264 2767 1444 4000">
     <span class='ocr_line' id='line_1_19' title="bbox 264 2767 1441 2862; baseline -0.001 -21"><span class='ocrx_word' id='word_1_103' title='bbox 264 2767 349 2842; x_wconf 88' lang='lat' dir='ltr'>dere</span> <span class='ocrx_word' id='word_1_104' title='bbox 379 2775 546 2842; x_wconf 86' lang='lat' dir='ltr'>studentis</span> <span class='ocrx_word' id='word_1_105' title='bbox 580 2798 614 2842; x_wconf 90' lang='lat' dir='ltr'>se</span> <span class='ocrx_word' id='word_1_106' title='bbox 649 2776 893 2844; x_wconf 85' lang='lat' dir='ltr'>divitissimum</span> <span class='ocrx_word' id='word_1_107' title='bbox 917 2798 998 2858; x_wconf 92' lang='lat' dir='ltr'>esse,</span> <span class='ocrx_word' id='word_1_108' title='bbox 1023 2776 1108 2842; x_wconf 87' lang='lat' dir='ltr'>adeo</span> <span class='ocrx_word' id='word_1_109' title='bbox 1133 2782 1173 2842; x_wconf 89' lang='lat' dir='ltr'>ut</span> <span class='ocrx_word' id='word_1_110' title='bbox 1197 2796 1301 2862; x_wconf 91' lang='lat' dir='ltr'>pecus</span> <span class='ocrx_word' id='word_1_111' title='bbox 1332 2796 1441 2841; x_wconf 90' lang='lat' dir='ltr'>suurn</span> 
     </span>
     <span class='ocr_line' id='line_1_20' title="bbox 265 2896 678 2977; baseline 0 -23"><span class='ocrx_word' id='word_1_112' title='bbox 265 2905 447 2956; x_wconf 87' lang='lat' dir='ltr'>numerare</span> <span class='ocrx_word' id='word_1_113' title='bbox 471 2912 540 2956; x_wconf 91' lang='lat' dir='ltr'>non</span> <span class='ocrx_word' id='word_1_114' title='bbox 565 2896 678 2977; x_wconf 89' lang='lat' dir='ltr'>queat.</span> 
     </span>
     <span class='ocr_line' id='line_1_21' title="bbox 311 3002 818 3091; baseline 0 -21"><span class='ocrx_word' id='word_1_115' title='bbox 311 3004 394 3070; x_wconf 91' lang='lat' dir='ltr'>Hor.</span> <span class='ocrx_word' id='word_1_116' title='bbox 419 3003 527 3070; x_wconf 86' lang='lat' dir='ltr'>Serm.</span> <span class='ocrx_word' id='word_1_117' title='bbox 543 3005 578 3086; x_wconf 86' lang='grc' dir='ltr'>Ι,</span> <span class='ocrx_word' id='word_1_118' title='bbox 602 3005 633 3086; x_wconf 86' lang='grc'>6,</span> <span class='ocrx_word' id='word_1_119' title='bbox 658 3002 699 3070; x_wconf 85' lang='grc'>71</span> <span class='ocrx_word' id='word_1_120' title='bbox 725 3025 818 3091; x_wconf 92' lang='lat' dir='ltr'>seq.:</span> 
     </span>
     <span class='ocr_line' id='line_1_22' title="bbox 357 3115 1420 3206; baseline -0.002 -22"><span class='ocrx_word' id='word_1_121' title='bbox 357 3117 488 3198; x_wconf 85' lang='lat' dir='ltr'>,Oausa</span> <span class='ocrx_word' id='word_1_122' title='bbox 510 3117 576 3183; x_wconf 81' lang='lat' dir='ltr'>luit</span> <span class='ocrx_word' id='word_1_123' title='bbox 599 3123 695 3206; x_wconf 88' lang='lat' dir='ltr'>pater</span> <span class='ocrx_word' id='word_1_124' title='bbox 718 3117 781 3200; x_wconf 90' lang='lat' dir='ltr'>his,</span> <span class='ocrx_word' id='word_1_125' title='bbox 807 3118 866 3204; x_wconf 91' lang='lat' dir='ltr'>qui</span> <span class='ocrx_word' id='word_1_126' title='bbox 891 3139 1005 3185; x_wconf 86' lang='lat' dir='ltr'>macro</span> <span class='ocrx_word' id='word_1_127' title='bbox 1023 3129 1160 3204; x_wconf 78' lang='lat' dir='ltr'>&#39;pauper</span> <span class='ocrx_word' id='word_1_128' title='bbox 1184 3115 1294 3201; x_wconf 87' lang='lat' dir='ltr'>agello</span> <span class='ocrx_word' id='word_1_129' title='bbox 1418 3188 1420 3193; x_wconf 60' lang='grc'><strong>,</strong></span> 
     </span>
     <span class='ocr_line' id='line_1_23' title="bbox 356 3229 1075 3297; baseline 0.003 -2"><span class='ocrx_word' id='word_1_130' title='bbox 356 3229 476 3296; x_wconf 90' lang='lat' dir='ltr'>Noluit</span> <span class='ocrx_word' id='word_1_131' title='bbox 498 3231 534 3295; x_wconf 93' lang='lat' dir='ltr'>in</span> <span class='ocrx_word' id='word_1_132' title='bbox 558 3230 658 3296; x_wconf 84' lang='lat' dir='ltr'>Flaui</span> <span class='ocrx_word' id='word_1_133' title='bbox 681 3229 803 3297; x_wconf 92' lang='lat' dir='ltr'>ludum</span> <span class='ocrx_word' id='word_1_134' title='bbox 828 3253 883 3297; x_wconf 92' lang='lat' dir='ltr'>me</span> <span class='ocrx_word' id='word_1_135' title='bbox 907 3230 1075 3297; x_wconf 90' lang='lat' dir='ltr'>mittere.&#39;&#39;</span> 
     </span>
     <span class='ocr_line' id='line_1_24' title="bbox 267 3342 1442 3432; baseline 0.002 -25"><span class='ocrx_word' id='word_1_136' title='bbox 267 3343 428 3409; x_wconf 88' lang='lat' dir='ltr'>Horatius</span> <span class='ocrx_word' id='word_1_137' title='bbox 449 3342 491 3409; x_wconf 89' lang='lat' dir='ltr'>de</span> <span class='ocrx_word' id='word_1_138' title='bbox 515 3343 624 3410; x_wconf 88' lang='lat' dir='ltr'>nimia</span> <span class='ocrx_word' id='word_1_139' title='bbox 646 3345 752 3431; x_wconf 88' lang='lat' dir='ltr'>patris</span> <span class='ocrx_word' id='word_1_140' title='bbox 768 3345 821 3411; x_wconf 91' lang='lat' dir='ltr'>sui</span> <span class='ocrx_word' id='word_1_141' title='bbox 838 3343 1050 3432; x_wconf 90' lang='lat' dir='ltr'>parcimonia</span> <span class='ocrx_word' id='word_1_142' title='bbox 1061 3342 1293 3430; x_wconf 81' lang='lat' dir='ltr'>conqueritur,</span> <span class='ocrx_word' id='word_1_143' title='bbox 1308 3343 1442 3430; x_wconf 89' lang='lat' dir='ltr'>quippe</span> 
     </span>
     <span class='ocr_line' id='line_1_25' title="bbox 269 3455 1443 3544; baseline 0.002 -23"><span class='ocrx_word' id='word_1_144' title='bbox 269 3456 330 3543; x_wconf 93' lang='lat' dir='ltr'>qui</span> <span class='ocrx_word' id='word_1_145' title='bbox 363 3477 488 3543; x_wconf 89' lang='lat' dir='ltr'>parum</span> <span class='ocrx_word' id='word_1_146' title='bbox 521 3455 584 3522; x_wconf 90' lang='lat' dir='ltr'>filii</span> <span class='ocrx_word' id='word_1_147' title='bbox 618 3458 811 3524; x_wconf 90' lang='lat' dir='ltr'>studiorum</span> <span class='ocrx_word' id='word_1_148' title='bbox 843 3479 962 3525; x_wconf 89' lang='lat' dir='ltr'>curam</span> <span class='ocrx_word' id='word_1_149' title='bbox 994 3456 1177 3534; x_wconf 85' lang='lat' dir='ltr'>habuisset,</span> <span class='ocrx_word' id='word_1_150' title='bbox 1201 3476 1282 3522; x_wconf 90' lang='lat' dir='ltr'>oum</span> <span class='ocrx_word' id='word_1_151' title='bbox 1306 3477 1443 3544; x_wconf 88' lang='lat' dir='ltr'>pauper</span> 
     </span>
     <span class='ocr_line' id='line_1_26' title="bbox 269 3569 1006 3659; baseline 0 -23"><span class='ocrx_word' id='word_1_152' title='bbox 269 3569 409 3658; x_wconf 89' lang='lat' dir='ltr'>quidam</span> <span class='ocrx_word' id='word_1_153' title='bbox 433 3575 529 3650; x_wconf 87' lang='lat' dir='ltr'>esset,</span> <span class='ocrx_word' id='word_1_154' title='bbox 554 3592 676 3638; x_wconf 88' lang='lat' dir='ltr'>vorum</span> <span class='ocrx_word' id='word_1_155' title='bbox 699 3571 802 3658; x_wconf 85' lang='lat' dir='ltr'>agelli</span> <span class='ocrx_word' id='word_1_156' title='bbox 825 3593 1006 3659; x_wconf 87' lang='lat' dir='ltr'>possessor.</span> 
     </span>
     <span class='ocr_line' id='line_1_27' title="bbox 313 3684 711 3773; baseline 0.003 -23"><span class='ocrx_word' id='word_1_157' title='bbox 313 3684 366 3751; x_wconf 93' lang='lat' dir='ltr'>Id.</span> <span class='ocrx_word' id='word_1_158' title='bbox 397 3685 462 3773; x_wconf 83' lang='lat' dir='ltr'>Ep.</span> <span class='ocrx_word' id='word_1_159' title='bbox 496 3685 542 3767; x_wconf 95' lang='grc' dir='ltr'>ΙΙ,</span> <span class='ocrx_word' id='word_1_160' title='bbox 580 3685 610 3767; x_wconf 82' lang='grc'>2,</span> <span class='ocrx_word' id='word_1_161' title='bbox 647 3686 711 3751; x_wconf 84' lang='grc'>12;</span> 
     </span>
     <span class='ocr_line' id='line_1_28' title="bbox 361 3797 1349 3886; baseline -0.002 -20"><span class='ocrx_word' id='word_1_162' title='bbox 361 3798 449 3882; x_wconf 86' lang='lat' dir='ltr'>,Ros</span> <span class='ocrx_word' id='word_1_163' title='bbox 477 3806 578 3885; x_wconf 85' lang='lat' dir='ltr'>urget</span> <span class='ocrx_word' id='word_1_164' title='bbox 600 3821 655 3866; x_wconf 93' lang='lat' dir='ltr'>me</span> <span class='ocrx_word' id='word_1_165' title='bbox 679 3798 795 3866; x_wconf 91' lang='lat' dir='ltr'>nulla:</span> <span class='ocrx_word' id='word_1_166' title='bbox 821 3807 898 3867; x_wconf 86' lang='lat' dir='ltr'>meo</span> <span class='ocrx_word' id='word_1_167' title='bbox 922 3821 997 3873; x_wconf 89' lang='lat' dir='ltr'>sum</span> <span class='ocrx_word' id='word_1_168' title='bbox 1022 3803 1153 3886; x_wconf 89' lang='lat' dir='ltr'>pauper</span> <span class='ocrx_word' id='word_1_169' title='bbox 1176 3797 1212 3862; x_wconf 93' lang='lat' dir='ltr'>in</span> <span class='ocrx_word' id='word_1_170' title='bbox 1237 3797 1349 3864; x_wconf 89' lang='lat' dir='ltr'>aerc.&#39;&#39;</span> 
     </span>
     <span class='ocr_line' id='line_1_29' title="bbox 270 3911 1444 4000; baseline -0.003 -20"><span class='ocrx_word' id='word_1_171' title='bbox 270 3913 370 3994; x_wconf 76' lang='lat' dir='ltr'>Quod</span> <span class='ocrx_word' id='word_1_172' title='bbox 405 3913 576 3999; x_wconf 86' lang='lat' dir='ltr'>significat</span> <span class='ocrx_word' id='word_1_173' title='bbox 610 3915 735 3993; x_wconf 90' lang='lat' dir='ltr'>virum,</span> <span class='ocrx_word' id='word_1_174' title='bbox 771 3935 876 4000; x_wconf 90' lang='lat' dir='ltr'>quem</span> <span class='ocrx_word' id='word_1_175' title='bbox 910 3913 1109 3999; x_wconf 86' lang='lat' dir='ltr'>loquentem</span> <span class='ocrx_word' id='word_1_176' title='bbox 1146 3911 1288 3990; x_wconf 88' lang='lat' dir='ltr'>inducit,</span> <span class='ocrx_word' id='word_1_177' title='bbox 1317 3911 1444 3979; x_wconf 90' lang='lat' dir='ltr'>debitis</span> 
     </span>
    </p>
   </div>
   <div class='ocr_carea' id='block_1_9' title="bbox 270 4124 1443 4361">
    <p class='ocr_par' dir='ltr' id='par_1_9' title="bbox 270 4124 1443 4361">
     <span class='ocr_line' id='line_1_30' title="bbox 270 4124 1442 4194; baseline -0.004 -18"><span class='ocrx_word' id='word_1_178' title='bbox 270 4128 364 4177; x_wconf 81' lang='lat' dir='ltr'>Nonius</span> <span class='ocrx_word' id='word_1_179' title='bbox 392 4143 411 4178; x_wconf 82' lang='lat' dir='ltr'>r.</span> <span class='ocrx_word' id='word_1_180' title='bbox 437 4144 459 4178; x_wconf 85' lang='lat' dir='ltr'>r.</span> <span class='ocrx_word' id='word_1_181' title='bbox 483 4128 617 4193; x_wconf 78' lang='lat' dir='ltr'>Paupertas</span> <span class='ocrx_word' id='word_1_182' title='bbox 634 4132 694 4194; x_wconf 80' lang='lat' dir='ltr'>(pag.</span> <span class='ocrx_word' id='word_1_183' title='bbox 714 4129 745 4178; x_wconf 78' lang='grc'>60</span> <span class='ocrx_word' id='word_1_184' title='bbox 763 4129 807 4178; x_wconf 81' lang='lat' dir='ltr'>ild.</span> <span class='ocrx_word' id='word_1_185' title='bbox 824 4129 882 4178; x_wconf 88' lang='lat' dir='ltr'>Luc.</span> <span class='ocrx_word' id='word_1_186' title='bbox 900 4127 990 4176; x_wconf 81' lang='lat' dir='ltr'>Mtiller</span> <span class='ocrx_word' id='word_1_187' title='bbox 1008 4147 1039 4170; x_wconf 83' lang='lat'>=</span> <span class='ocrx_word' id='word_1_188' title='bbox 1057 4142 1109 4191; x_wconf 81' lang='lat' dir='ltr'>pag.</span> <span class='ocrx_word' id='word_1_189' title='bbox 1134 4125 1166 4175; x_wconf 73' lang='lat'>48</span> <span class='ocrx_word' id='word_1_190' title='bbox 1180 4124 1236 4175; x_wconf 83' lang='lat' dir='ltr'>edit.</span> <span class='ocrx_word' id='word_1_191' title='bbox 1255 4124 1442 4183; x_wconf 75' lang='lat' dir='ltr'>Meroerisnsel:</span> 
     </span>
     <span class='ocr_line' id='line_1_31' title="bbox 272 4207 1443 4278; baseline -0.003 -19"><span class='ocrx_word' id='word_1_192' title='bbox 272 4211 435 4275; x_wconf 72' lang='lat' dir='ltr'>,Pluinnrrs</span> <span class='ocrx_word' id='word_1_193' title='bbox 460 4211 522 4260; x_wconf 83' lang='lat' dir='ltr'>diota</span> <span class='ocrx_word' id='word_1_194' title='bbox 544 4215 578 4260; x_wconf 84' lang='lat' dir='ltr'>est</span> <span class='ocrx_word' id='word_1_195' title='bbox 595 4228 608 4260; x_wconf 88' lang='lat' dir='ltr'>a</span> <span class='ocrx_word' id='word_1_196' title='bbox 623 4212 723 4278; x_wconf 84' lang='lat' dir='ltr'>pecnnia</span> <span class='ocrx_word' id='word_1_197' title='bbox 739 4227 818 4276; x_wconf 84' lang='lat' dir='ltr'>parva.</span> <span class='ocrx_word' id='word_1_198' title='bbox 853 4211 926 4260; x_wconf 81' lang='lat' dir='ltr'>Varro</span> <span class='ocrx_word' id='word_1_199' title='bbox 944 4211 972 4259; x_wconf 85' lang='lat' dir='ltr'>de</span> <span class='ocrx_word' id='word_1_200' title='bbox 990 4210 1038 4258; x_wconf 84' lang='lat' dir='ltr'>vita</span> <span class='ocrx_word' id='word_1_201' title='bbox 1055 4208 1139 4274; x_wconf 88' lang='lat' dir='ltr'>populi</span> <span class='ocrx_word' id='word_1_202' title='bbox 1157 4208 1257 4257; x_wconf 79' lang='lat' dir='ltr'>Romani</span> <span class='ocrx_word' id='word_1_203' title='bbox 1276 4207 1320 4258; x_wconf 90' lang='lat' dir='ltr'>lib.</span> <span class='ocrx_word' id='word_1_204' title='bbox 1338 4209 1366 4256; x_wconf 85' lang='lat' dir='ltr'>I:</span> <span class='ocrx_word' id='word_1_205' title='bbox 1385 4222 1443 4270; x_wconf 83' lang='lat' dir='ltr'>,pe-</span> 
     </span>
     <span class='ocr_line' id='line_1_32' title="bbox 272 4293 903 4361; baseline -0.002 -19"><span class='ocrx_word' id='word_1_206' title='bbox 272 4293 388 4358; x_wconf 82' lang='lat' dir='ltr'>cuniaque</span> <span class='ocrx_word' id='word_1_207' title='bbox 413 4297 462 4342; x_wconf 76' lang='lat' dir='ltr'>eret</span> <span class='ocrx_word' id='word_1_208' title='bbox 478 4309 566 4358; x_wconf 74' lang='lat' dir='ltr'>porra:</span> <span class='ocrx_word' id='word_1_209' title='bbox 584 4293 613 4343; x_wconf 76' lang='lat' dir='ltr'>ab</span> <span class='ocrx_word' id='word_1_210' title='bbox 631 4311 658 4343; x_wconf 88' lang='lat' dir='ltr'>co</span> <span class='ocrx_word' id='word_1_211' title='bbox 675 4299 799 4361; x_wconf 79' lang='lat' dir='ltr'>paupertas</span> <span class='ocrx_word' id='word_1_212' title='bbox 816 4293 903 4342; x_wconf 84' lang='lat' dir='ltr'>dicta.”</span> 
     </span>
    </p>
   </div>
   <div class='ocr_carea' id='block_1_10' title="bbox 0 0 1572 5128">
    <p class='ocr_par' dir='ltr' id='par_1_10' title="bbox 0 0 1572 5128">
     <span class='ocr_line' id='line_1_33' title="bbox 0 0 1572 5128; baseline 0 0"><span class='ocrx_word' id='word_1_213' title='bbox 0 0 1572 5128; x_wconf 95' lang='lat' dir='ltr'> </span> 
     </span>
    </p>
   </div>
  </div>
 </body>
</html>
