3084 5128
837 622 902 705 288

277 823 384 903 pertas
427 838 573 905 usquam
613 815 773 898 inveniri,
808 821 937 883 ceteros
972 821 1090 882 contra
1124 814 1254 881 solutae
1289 814 1454 881 orationis

281 931 461 1018 scriptores
498 931 692 1019 (plerosque
730 930 834 1017 certe)
870 930 983 1018 potius
1021 929 1106 995 haec
1143 927 1309 996 vocabula
1345 949 1452 1015 quam

281 1067 371 1131 aperta
392 1049 460 1111 cett.
484 1065 675 1132 usurpasse.

327 1157 400 1224 Illis
433 1157 631 1242 Landgrafii
665 1155 959 1222 observationibus
994 1157 1117 1222 addere
1153 1155 1268 1236 velim,
1294 1177 1384 1241 quae
1407 1177 1454 1222 se·

284 1277 448 1358 quuntur.
495 1270 592 1350 Quod
627 1271 668 1335 de
693 1268 833 1336 vocibus
854 1291 977 1356 pauper
999 1276 1033 1337 et
1050 1277 1226 1356 paupertas
1249 1270 1393 1349 notavit,
1416 1291 1454 1335 eo

284 1385 517 1465 confirmatur,
542 1384 634 1470 quod
658 1383 695 1448 in
718 1382 891 1450 Ciceronis
914 1384 1047 1471 scriptis
1071 1384 1112 1449 de
1136 1383 1355 1471 philosophia
1374 1405 1457 1468 pau-

279 1521 339 1584 per
362 1497 493 1584 septies,
512 1504 686 1582 paupertas
706 1496 936 1563 duodetricies
958 1497 1145 1564 invenitur.
1192 1497 1292 1576 Quod
1317 1518 1400 1563 vero
1416 1498 1457 1562 de

286 1612 429 1678 Caesare
451 1610 544 1692 dicit,
566 1609 641 1677 leve
662 1616 731 1693 est;
758 1619 839 1676 nam
862 1633 951 1696 mena
974 1633 1111 1698 quoque
1135 1611 1187 1677 bis
1211 1611 1321 1692 modo,
1342 1618 1459 1696 epestas

286 1747 356 1791 non
395 1724 461 1790 nisi
495 1725 600 1792 semel
634 1725 726 1811 apud
750 1747 831 1791 eum
855 1725 1011 1792 occurrit.
1059 1724 1193 1812 Operae
1216 1725 1367 1812 pretium
1396 1725 1459 1790 luit

285 1839 485 1927 Landgrafii
508 1839 661 1924 vestigiis
684 1839 899 1906 insistentem
922 1839 1086 1924 indagare
1111 1839 1270 1925 quotiens
1289 1837 1459 1904 vocabula

284 1975 416 2040 pauper,
447 1975 544 2038 aperte,
570 1960 677 2034 atera,
702 1973 782 2019 cum
805 1953 841 2018 in
864 1952 1005 2039 reliquis
1028 1953 1201 2019 Ciceronis
1224 1953 1358 2038 scriptis
1381 1959 1458 2018 tum

287 2067 379 2154 apud
414 2066 498 2133 alios
535 2067 715 2154 scriptores
737 2067 879 2133 Latinos
900 2067 1134 2134 inveniantur.
1180 2067 1276 2144 Quae
1300 2087 1353 2131 res
1377 2087 1459 2132 cum

287 2182 434 2248 maiores
468 2180 593 2247 habeat
617 2180 844 2258 difficultates,
870 2180 952 2268 quia
974 2201 1164 2267 paucorum
1188 2185 1323 2246 tantum
1347 2179 1460 2246 lexica

286 2299 431 2372 exstant,
469 2294 507 2360 in
542 2294 668 2382 quibus
703 2315 821 2360 omnes
859 2294 925 2360 loci
959 2293 1174 2378 singulorum
1211 2293 1457 2361 vacabulorum

286 2407 429 2474 indicati
452 2412 541 2488 sunt,
567 2428 655 2495 quae
679 2413 816 2474 exstant
838 2408 1020 2493 diligenter
1044 2412 1284 2494 perscrutatus,
1309 2406 1458 2474 aliorum

286 2505 465 2587 indicibus¹
496 2542 577 2587 usus
606 2521 895 2608 locupletissimis,
920 2543 1008 2608 quae
1032 2521 1239 2608 inquirendo
1263 2521 1399 2608 repperi
1422 2522 1456 2585 in

232 2707 235 2714 ,
289 2634 407 2702 tabula
429 2635 690 2722 circumscripsi.
736 2635 839 2714 (Vide
864 2657 949 2723 pag.
966 2636 1057 2721 290.)

333 2748 437 2836 Apud
461 2749 663 2835 posteriores
692 2749 871 2836 scriptores
894 2747 1071 2830 vocabula,
1097 2770 1184 2835 quae
1209 2754 1290 2814 sunt
1312 2770 1403 2834 epeaa
1426 2754 1459 2814 et

288 2869 412 2950 epestm,
435 2862 473 2929 in
488 2863 691 2929 universum
702 2863 812 2947 magis
824 2863 1002 2950 magisque
1015 2862 1222 2929 obsolescere
1235 2867 1377 2942 constat,
1394 2863 1460 2927 'Pa-

288 2977 355 3044 cito
378 2982 532 3064 excepto,
558 2977 649 3064 quod
674 2977 801 3043 mirum
826 2983 978 3058 nonest,
1004 2977 1168 3063 quoniam
1193 2975 1267 3042 eius
1292 2976 1400 3042 oratio
1424 2976 1459 3041 in

288 3111 354 3156 usu
388 3089 636 3157 vocabulorum
667 3111 766 3177 saepe
791 3090 991 3157 Ciceronem
1014 3097 1048 3156 et
1071 3089 1273 3156 Sallustium
1296 3089 1461 3155 imitatur.

290 3202 488 3287 Landgrafii
512 3223 594 3270 vero
621 3204 808 3270 sententiae
831 3203 1351 3289 adiectivorumepeusetepeaus
1361 3224 1461 3268 usum

290 3315 430 3381 tandem
453 3336 518 3380 usu
541 3316 635 3382 vocis
652 3339 778 3403 pauper
800 3339 870 3383 csse
896 3315 1072 3404 repulsum
1098 3315 1122 3404 ¹)
1146 3311 1327 3401 suffragari
1345 3315 1461 3396 nolim,

291 3428 383 3515 quod
409 3429 453 3494 ad
480 3434 679 3513 „argenteae
705 3430 845 3496 aetatis”
873 3431 1052 3516 scriptores
1067 3431 1199 3496 attinet.
1223 3430 1337 3497 Immo
1350 3429 1462 3496 nescio

291 3563 345 3623 an,
358 3541 386 3608 si
398 3547 554 3608 accurate
568 3541 791 3627 distinguant,
804 3543 855 3609 illi
869 3564 1006 3630 quoque
1023 3543 1205 3610 discrimen
1218 3542 1304 3609 illud
1317 3549 1461 3623 servent,

292 3656 384 3743 quod
407 3676 469 3721 nos
492 3655 583 3723 inter
607 3655 774 3722 vocabula
798 3678 992 3744 synonyma
1005 3679 1138 3744 pauper,
1151 3659 1253 3744 triopa,
1267 3679 1366 3744 epau,
1379 3679 1461 3724 uua-

291 3771 379 3838 ale‘eua
400 3769 610 3837 intercedere
624 3769 947 3838 demonstravimus
972 3772 1020 3839 Ut
1032 3771 1189 3837 omittam
1201 3771 1371 3854 Tacitum,
1385 3793 1464 3858 pcn-

292 3883 420 3950 dantur'
438 3883 505 3951 loci
518 3904 603 3970 quos
616 3882 716 3950 attuli
729 3906 746 3950 e
761 3883 900 3954 Valerio
912 3883 1077 3965 Maximo,
1092 3883 1231 3963 Seneca,
1245 3884 1370 3966 Plinio,
1383 3884 1461 3951 Sue·

292 3997 395 4064 tonio.
420 3995 447 4083 Β)
492 3997 586 4077 Quin
611 3997 714 4064 etiam
740 3996 888 4082 legimus
900 3998 992 4085 apud
1005 3997 1391 4085 ipsumSymmachum‚
1406 3995 1464 4083 qui

327 4212 347 4271 1)
381 4209 460 4274 Ipsius
486 4209 556 4258 verba
581 4213 637 4258 sunt
662 4210 725 4272 (1.1.
751 4225 802 4274 pag.
822 4211 898 4272 178);
918 4210 978 4276 „Ale
997 4215 1073 4276 spiitcr
1090 4227 1192 4275 egens
1210 4211 1259 4260 und
1277 4228 1405 4275 egenus
1421 4226 1463 4258 un·

292 4293 423 4357 tergingen,
440 4295 633 4358 tratpauper
649 4293 684 4342 im
702 4293 781 4343 vollen
799 4293 873 4343 Sinna
891 4310 985 4343 anseres
1004 4295 1085 4360 ,‚arm“
1104 4295 1130 4343 in
1148 4294 1186 4344 die
1202 4294 1281 4344 Liclre
1298 4294 1362 4346 ein.”

326 4379 347 4439 ²)
381 4376 419 4428 Cf.
438 4391 506 4441 pagg.
525 4376 582 4436 282,
601 4375 659 4438 285,
678 4375 734 4426 286.
