3040 5134
857 582 899 648 92

289 760 421 849 sibique
456 759 555 827 solita
589 760 720 826 ratione
755 759 888 826 victum
923 778 1085 845 quaerere
1120 761 1269 843 possent,
1292 754 1362 820 iam
1385 774 1447 819 esse

288 881 475 961 coeperunt
497 895 663 962 pauperes
675 873 841 954 homines,
856 872 916 959 qui
928 876 1062 957 praeter
1072 870 1118 951 id,
1133 869 1226 958 quod
1238 889 1343 934 manu
1355 866 1448 953 atque

290 988 394 1054 armis
415 987 668 1076 quaesivissent,
694 986 781 1051 nihil
806 985 1026 1076 possiderent,
1052 982 1177 1070 quibus
1189 981 1280 1049 bello
1292 981 1386 1046 finito
1400 1001 1449 1044 ne·

291 1100 434 1167 cessario
456 1106 529 1166 erat
551 1099 832 1167 consulendum.'’
849 1098 873 1186 ¹)
890 1099 933 1164 In
952 1120 987 1164 re
1000 1097 1133 1182 agraria
1145 1097 1181 1162 O.
1194 1095 1324 1162 Marius
1336 1115 1449 1182 parum

291 1214 419 1294 valuit;
445 1235 531 1284 nam,
551 1212 677 1300 Apulei
700 1213 850 1300 Titiique
866 1212 1059 1297 rogationes
1075 1210 1228 1295 agrariae
1241 1208 1448 1295 optimatium

290 1327 539 1414 conspiratione
574 1348 752 1413 oppressae
791 1332 880 1392 sunt.
907 1324 933 1412 ¹)
975 1325 1019 1392 L.
1052 1323 1148 1390 Sulla
1178 1321 1380 1388 adversariis
1402 1320 1449 1385 de

291 1441 389 1508 victis
412 1444 446 1506 01
467 1439 595 1526 ubique
619 1461 636 1506 0
660 1438 926 1527 possessionibus
939 1437 1129 1505 exturbatis
1141 1435 1268 1523 passim
1282 1440 1448 1502 veteranos

199 1629 206 1638 ‚
255 1535 258 1545 ’
290 1575 368 1619 1101
401 1553 439 1618 11
468 1553 559 1638 agris
580 1558 652 1618 tam
674 1552 820 1640 publicis
844 1574 950 1641 quam
974 1550 1117 1638 privatis
1141 1549 1325 1616 constituit.

335 1666 504 1733 Venimus
526 1665 570 1732 ad
592 1665 629 1732 P.
654 1660 839 1734 Servilium
862 1664 1007 1731 Rullum
1023 1663 1212 1743 tribunum,
1226 1667 1449 1746 contraquam

292 1780 410 1846 Cicero
432 1779 600 1845 orationes
623 1779 744 1844 habuit
771 1779 831 1860 „de
854 1778 929 1864 lege
953 1777 1117 1862 agraria.''
1142 1775 1193 1841 De
1219 1776 1285 1840 hoc
1308 1775 1344 1839 P.
1357 1757 1449 1838 Rullo

292 1893 433 1980 eiusque
457 1893 641 1978 rogatione,
666 1914 738 1958 non
762 1893 876 1958 minus
902 1914 1007 1979 quam
1030 1890 1071 1956 de
1084 1889 1257 1969 Gracchis
1271 1887 1449 1954 interviret

293 2007 409 2074 doctos
433 2007 521 2072 mira
544 2012 674 2093 quanta
687 2005 849 2072 dissensio
862 2011 921 2072 est.
934 2003 960 2091 ³)
988 2003 1087 2069 Alius
1106 2002 1201 2068 Rulli
1212 2000 1449 2069 consiliumve-

332 2236 347 2297 ')
364 2235 453 2297 Zumpt
471 2233 564 2282 Comm.
581 2232 664 2296 Epigr.
682 2233 695 2280 1
712 2249 763 2296 pag.
782 2232 839 2281 205.

329 2317 348 2378 ²)
366 2317 402 2365 cf.
421 2317 499 2380 Marq.
517 2315 534 2364 l.
552 2315 568 2364 l.
587 2331 639 2379 pag.
659 2315 714 2364 110.

326 2401 384 2460 ³)ri
410 2400 528 2464 Zumptio,
556 2415 627 2463 quem
654 2399 793 2460 Marquardt
820 2398 879 2458 (1.1,
907 2414 958 2462 pag.
986 2397 1033 2445 112
1060 2397 1116 2460 seq.)
1134 2398 1287 2452 1001111011,
1305 2392 1451 2443 Rulliconsi-

293 2484 354 2532 lium
380 2482 489 2531 laudibus
515 2483 610 2530 effertur
636 2480 661 2541 (l.
681 2481 697 2529 l.
725 2497 776 2544 pag.
805 2481 879 2538 26311
916 2479 998 2544 „Sulla
1022 2479 1087 2527 enim
1112 2495 1167 2527 cum
1190 2478 1265 2526 totius
1282 2477 1365 2526 Italiae
1381 2476 1452 2525 100101

293 2568 466 2621 commutasset,
493 2564 610 2629 plurimos
635 2564 744 2612 homines
770 2580 818 2612 uon
844 2580 871 2614 ex
898 2563 992 2612 sedibus
1017 2563 1086 2610 modo
1103 2561 1153 2610 suis
1170 2561 1210 2608 sed
1226 2576 1254 2608 ex
1271 2560 1381 2608 omnibus
1396 2557 1453 2606 bonis

293 2649 420 2704 evertisset,
447 2648 475 2695 iu
499 2647 561 2710 agris
590 2647 676 2711 ereptis
701 2645 791 2695 alienos
808 2647 898 2694 milltes
915 2644 1050 2694 collocasset
1064 2644 1102 2692 vel
1120 2659 1178 2708 qnos
1194 2657 1263 2706 egros
1280 2659 1329 2691 non
1346 2642 1453 2694 diviserat,

294 2731 382 2796 passim
412 2729 554 2794 potentibus'
579 2731 725 2794 occupandos
750 2729 905 2785 concessisset,
932 2729 1015 2791 ingens
1041 2725 1170 2776 multitude
1195 2725 1321 2774 homiuum
1348 2723 1454 2788 egentium

296 2817 347 2863 orta
371 2816 427 2870 erat,
453 2814 482 2862 ad
507 2829 601 2860 omnem
625 2811 769 2876 reipublicae
795 2815 892 2861 ventum
910 2827 936 2858 ac
953 2813 1113 2874 tempestatem
1130 2809 1229 2856 1110110.
1264 2809 1303 2870 (In
1321 2806 1456 2856 adnotatione

296 2897 377 2946 addit:
414 2897 481 2960 „Hac
506 2900 584 2944 autem
610 2896 661 2959 ipsa
686 2912 711 2943 re
735 2895 762 2942 P.
789 2893 917 2943 Servilium
943 2894 970 2941 in
997 2892 1048 2956 lege
1074 2892 1165 2940 senatui
1190 2891 1311 2955 probanda
1337 2905 1403 2939 usum
1417 2902 1457 2934 0000

296 2979 398 3028 ostendit
423 2979 473 3028 Cic.
500 2977 719 3034 inRull.11,2u‚
739 2976 903 3028 70......,”
938 2971 1457 3038 1101010010010010110111110011111

297 3063 396 3112 conflare
413 3065 511 3110 conatur
528 3063 558 3109 cf.
576 3061 640 3108 inira
651 3076 701 3122 pag.
717 3061 749 3107 91
758 3061 811 3108 adn.
823 3061 847 3119 3)
865 3059 958 3125 Quibus
967 3058 1137 3107 consulendum
1147 3073 1195 3105 esse
1204 3057 1247 3105 etsi
1256 3057 1299 3120 qui
1308 3055 1458 3120 prudentiore

299 3148 366 3194 erant
391 3143 573 3207 intelligebant,
591 3146 670 3190 tamen
697 3159 746 3200 nec,
773 3143 815 3206 qui
832 3143 924 3206 legibus
946 3141 1064 3190 Corneliis
1079 3156 1146 3204 agros
1163 3142 1306 3204 acceperant,
1323 3139 1378 3203 quia
1394 3154 1419 3186 01
1434 3135 1458 3183 iis

300 3226 393 3290 legibus
418 3232 561 3288 acceperant,
588 3241 647 3289 quae
665 3225 715 3272 sine
732 3225 851 3273 eversione
868 3226 941 3273 totius
959 3223 1103 3288 reipublicae
1121 3223 1208 3271 mutari
1226 3223 1363 3286 nequibant,
1380 3217 1459 3269 moveri

299 3326 365 3374 posse
390 3308 538 3364 videbantur,
565 3311 588 3355 01
613 3308 654 3370 qui
681 3312 762 3356 contra
778 3308 840 3371 leges
858 3308 1014 3371 possederant,
1032 3323 1071 3354 eos
1088 3305 1208 3354 exturbari
1226 3308 1275 3353 erat
1292 3304 1357 3354 illud
1372 3303 1458 3368 quiden

300 3392 398 3446 iustum,
425 3391 464 3438 sed
489 3390 541 3452 ipso
565 3406 648 3453 genere
673 3389 833 3454 periculosum
860 3390 1024 3453 terrebantqns
1041 3389 1200 3437 Gracchorum
1218 3388 1303 3444 exitus,
1321 3388 1363 3452 qui
1380 3383 1459 3434 similis

301 3474 353 3522 ausi
370 3474 436 3521 foede
452 3473 577 3536 perierant.
597 3473 674 3538 Quare
691 3473 711 3520 si
728 3488 782 3521 vere
799 3473 903 3521 iudicare
921 3471 1035 3528 volemus,
1054 3471 1156 3519 Servilia
1167 3470 1211 3518 hac
1219 3469 1270 3533 lege
1278 3469 1459 3518 conciliationem

301 3556 419 3621 quandam
440 3557 578 3618 temptatam
589 3553 643 3604 ‘esse
660 3556 765 3604 dicemus
783 3556 846 3604 inter
863 3573 907 3612 001,
924 3556 966 3618 qui
983 3558 1037 3603 ante
1054 3552 1145 3603 Sullam
1162 3569 1229 3617 agros
1247 3552 1333 3602 ltaliae
1341 3549 1460 3600 habuerant

300 3643 324 3689 et
349 3640 412 3688 inter
437 3638 547 3687 Sullanos
572 3639 687 3698 homines,
714 3655 772 3703 quae
794 3639 928 3687 conciliatio
954 3639 972 3686 si
999 3642 1052 3686 tum
1069 3642 1127 3685 esset
1144 3638 1253 3700 perlecta,
1270 3653 1313 3684 100
1330 3632 1460 3684 0011111101ἰο

300 3721 351 3771 ulls
376 3722 474 3770 existere
490 3723 570 3785 potuit
586 3723 717 3771 coniuratio
734 3739 777 3771 1100
795 3723 879 3770 Caesar
896 3737 1013 3769 summam
1031 3721 1057 3769 in
1075 3737 1099 3768 re
1116 3719 1213 3783 publica
1229 3719 1329 3783 adipisci
1350 3711 1460 3782 imperii.''

299 3806 364 3854 Idem
378 3805 405 3854 in
422 3804 563 3868 praefatione
581 3805 699 3862 editionis,
722 3822 794 3869 quam
813 3805 903 3868 paravit
920 3806 948 3853 de
966 3805 1000 3852 M.
1018 3802 1094 3851 Tullii
1114 3803 1235 3851 Ciceronis
1244 3802 1388 3850 orationibus
1395 3799 1461 3849 tribus

301 3889 329 3938 de
351 3888 402 3952 lege
428 3889 520 3951 agraria
551 3892 612 3952 (pag.
639 3889 719 3948 XIV):
749 3889 831 3952 „Quae
855 3905 908 3936 cum
926 3888 959 3935 ita
976 3887 1030 3944 sint,
1048 3885 1149 3934 Rullum
1166 3884 1327 3948 intelligemus
1344 3899 1424 3948 magna
1443 3885 1463 3927 et

300 3969 457 4019 moderatione
482 3973 505 4018 et
531 3971 655 4034 prudentia
684 3971 710 4018 in
736 3970 786 4034 lege
813 3971 902 4034 agraria
928 3971 1022 4018 ferenda
1048 3985 1096 4016 0110
1124 3984 1202 4026 usum,
1227 3983 1276 4016 non
1301 3971 1350 4016 tam
1370 3965 1462 4031 partium

302 4053 379 4102 studio
401 4053 499 4100 ductum
531 4069 602 4116 quam
627 4053 731 4102 utilitate
756 4052 859 4116 publica,
888 4057 914 4100 ut
939 4051 1108 4116 rempublicam
1130 4051 1269 4106 emendaret,
1296 4051 1398 4113 partium
1415 4061 1461 4094 con-

302 4135 418 4184 tentiones
443 4134 568 4190 minueret,
595 4135 657 4198 quod
692 4135 745 4183 urbi
772 4135 901 4198 Italiaeque
929 4134 1052 4198 prodesset,
1075 4132 1216 4197 perageret.''
1236 4160 1266 4168 -
1284 4133 1318 4180 Ut
1334 4149 1347 4180 a
1363 4127 1462 4193 Zumptio

304 4217 420 4273 laudatur,
447 4216 480 4264 ita
504 4232 518 4264 a
542 4216 659 4265 Roschero
685 4218 754 4280 (Syst.
781 4219 803 4266 d.
831 4216 1025 4265 Volkswirthsch,
1053 4215 1088 4263 1¹⁸
1114 4231 1163 4280 pag.
1192 4215 1249 4275 182)
1274 4215 1416 4263 vehementer
1431 4210 1460 4258 vi·

305 4301 443 4364 tuperatur:
476 4297 549 4362 ,sehr
575 4299 622 4347 viel
648 4300 727 4348 weiter
762 4300 822 4348 noch
855 4300 941 4363 gingen
975 4299 1013 4347 die
1046 4297 1232 4346 socialistischcn
1250 4297 1324 4348 Plane
1350 4290 1460 4346 11011111-
