<?xml version="1.0" encoding="UTF-8"?>
<!DOCTYPE html PUBLIC "-//W3C//DTD XHTML 1.0 Transitional//EN"
    "http://www.w3.org/TR/xhtml1/DTD/xhtml1-transitional.dtd">
<html xmlns="http://www.w3.org/1999/xhtml" xml:lang="en" lang="en">
 <head>
  <title>
</title>
<meta http-equiv="Content-Type" content="text/html;charset=utf-8" />
  <meta name='ocr-system' content='tesseract 3.04.00' />
  <meta name='ocr-capabilities' content='ocr_page ocr_carea ocr_par ocr_line ocrx_word'/>
</head>
<body>
  <div class='ocr_page' id='page_1' title='image "./depauperumcuraa01essegoog_0161.png"; bbox 0 0 3040 5134; ppageno 0'>
   <div class='ocr_carea' id='block_1_1' title="bbox 855 600 919 664">
    <p class='ocr_par' dir='ltr' id='par_1_1' title="bbox 855 600 919 664">
     <span class='ocr_line' id='line_1_1' title="bbox 855 600 919 664; baseline 0 0"><span class='ocrx_word' id='word_1_1' title='bbox 855 600 919 664; x_wconf 82' lang='lat'>140</span> 
     </span>
    </p>
   </div>
   <div class='ocr_carea' id='block_1_2' title="bbox 297 775 1457 1546">
    <p class='ocr_par' dir='ltr' id='par_1_2' title="bbox 297 775 1457 1546">
     <span class='ocr_line' id='line_1_2' title="bbox 298 775 1457 864; baseline 0 -22"><span class='ocrx_word' id='word_1_2' title='bbox 298 777 531 845; x_wconf 88' lang='lat' dir='ltr'>demonstrare</span> <span class='ocrx_word' id='word_1_3' title='bbox 564 777 713 845; x_wconf 88' lang='lat' dir='ltr'>conabor</span> <span class='ocrx_word' id='word_1_4' title='bbox 748 798 805 843; x_wconf 89' lang='lat' dir='ltr'>eas</span> <span class='ocrx_word' id='word_1_5' title='bbox 831 777 875 843; x_wconf 89' lang='lat' dir='ltr'>ab</span> <span class='ocrx_word' id='word_1_6' title='bbox 898 775 997 843; x_wconf 91' lang='lat' dir='ltr'>initio</span> <span class='ocrx_word' id='word_1_7' title='bbox 1022 797 1091 843; x_wconf 93' lang='lat' dir='ltr'>om</span> <span class='ocrx_word' id='word_1_8' title='bbox 1104 777 1152 841; x_wconf 92' lang='lat' dir='ltr'>ni</span> <span class='ocrx_word' id='word_1_9' title='bbox 1175 776 1268 864; x_wconf 90' lang='lat' dir='ltr'>plebi</span> <span class='ocrx_word' id='word_1_10' title='bbox 1292 779 1457 845; x_wconf 80' lang='lat' dir='ltr'>Romanae</span> 
     </span>
     <span class='ocr_line' id='line_1_3' title="bbox 297 889 1456 979; baseline -0.001 -23"><span class='ocrx_word' id='word_1_11' title='bbox 297 892 399 958; x_wconf 85' lang='lat' dir='ltr'>fuisse</span> <span class='ocrx_word' id='word_1_12' title='bbox 434 891 627 958; x_wconf 90' lang='lat' dir='ltr'>destinatas.</span> <span class='ocrx_word' id='word_1_13' title='bbox 656 891 678 976; x_wconf 89' lang='lat'>¹)</span> <span class='ocrx_word' id='word_1_14' title='bbox 725 889 886 957; x_wconf 82' lang='lat' dir='ltr'>Turbatis</span> <span class='ocrx_word' id='word_1_15' title='bbox 925 911 1005 957; x_wconf 84' lang='lat' dir='ltr'>vero</span> <span class='ocrx_word' id='word_1_16' title='bbox 1031 891 1243 977; x_wconf 78' lang='lat' dir='ltr'>temporibus</span> <span class='ocrx_word' id='word_1_17' title='bbox 1268 913 1353 979; x_wconf 89' lang='lat' dir='ltr'>quae</span> <span class='ocrx_word' id='word_1_18' title='bbox 1375 892 1456 978; x_wconf 90' lang='lat' dir='ltr'>prin·</span> 
     </span>
     <span class='ocr_line' id='line_1_4' title="bbox 297 1003 1457 1092; baseline -0.002 -22"><span class='ocrx_word' id='word_1_19' title='bbox 297 1005 451 1092; x_wconf 80' lang='lat' dir='ltr'>cipetum</span> <span class='ocrx_word' id='word_1_20' title='bbox 474 1005 724 1085; x_wconf 73' lang='lat' dir='ltr'>antecesserint,</span> <span class='ocrx_word' id='word_1_21' title='bbox 749 1003 874 1070; x_wconf 92' lang='lat' dir='ltr'>multos</span> <span class='ocrx_word' id='word_1_22' title='bbox 894 1025 1018 1091; x_wconf 88' lang='lat' dir='ltr'>eosque</span> <span class='ocrx_word' id='word_1_23' title='bbox 1043 1005 1280 1092; x_wconf 90' lang='lat' dir='ltr'>pauperrimos</span> <span class='ocrx_word' id='word_1_24' title='bbox 1303 1005 1346 1071; x_wconf 91' lang='lat' dir='ltr'>ad</span> <span class='ocrx_word' id='word_1_25' title='bbox 1367 1004 1457 1090; x_wconf 84' lang='lat' dir='ltr'>largi·</span> 
     </span>
     <span class='ocr_line' id='line_1_5' title="bbox 297 1113 1456 1204; baseline 0 -22"><span class='ocrx_word' id='word_1_26' title='bbox 297 1118 406 1185; x_wconf 89' lang='lat' dir='ltr'>tiones</span> <span class='ocrx_word' id='word_1_27' title='bbox 429 1119 592 1184; x_wconf 91' lang='lat' dir='ltr'>admissos</span> <span class='ocrx_word' id='word_1_28' title='bbox 614 1118 716 1184; x_wconf 86' lang='lat' dir='ltr'>fuisse</span> <span class='ocrx_word' id='word_1_29' title='bbox 741 1117 800 1204; x_wconf 92' lang='lat' dir='ltr'>qui</span> <span class='ocrx_word' id='word_1_30' title='bbox 824 1136 909 1183; x_wconf 91' lang='lat' dir='ltr'>num</span> <span class='ocrx_word' id='word_1_31' title='bbox 932 1118 1007 1183; x_wconf 90' lang='lat' dir='ltr'>ius</span> <span class='ocrx_word' id='word_1_32' title='bbox 1027 1113 1194 1184; x_wconf 87' lang='lat' dir='ltr'>haberent</span> <span class='ocrx_word' id='word_1_33' title='bbox 1217 1117 1360 1184; x_wconf 91' lang='lat' dir='ltr'>dubium</span> <span class='ocrx_word' id='word_1_34' title='bbox 1383 1124 1456 1184; x_wconf 91' lang='lat' dir='ltr'>erat</span> 
     </span>
     <span class='ocr_line' id='line_1_6' title="bbox 298 1231 1456 1318; baseline 0 -22"><span class='ocrx_word' id='word_1_35' title='bbox 298 1232 376 1310; x_wconf 79' lang='lat' dir='ltr'>Qua</span> <span class='ocrx_word' id='word_1_36' title='bbox 399 1232 440 1298; x_wconf 92' lang='lat' dir='ltr'>de</span> <span class='ocrx_word' id='word_1_37' title='bbox 464 1254 499 1297; x_wconf 91' lang='lat' dir='ltr'>re</span> <span class='ocrx_word' id='word_1_38' title='bbox 524 1253 604 1298; x_wconf 90' lang='lat' dir='ltr'>cum</span> <span class='ocrx_word' id='word_1_39' title='bbox 627 1231 871 1318; x_wconf 88' lang='lat' dir='ltr'>accipientium</span> <span class='ocrx_word' id='word_1_40' title='bbox 895 1252 1059 1297; x_wconf 89' lang='lat' dir='ltr'>numerus</span> <span class='ocrx_word' id='word_1_41' title='bbox 1082 1231 1366 1313; x_wconf 87' lang='lat' dir='ltr'>nimiscrevisset,</span> <span class='ocrx_word' id='word_1_42' title='bbox 1381 1232 1456 1298; x_wconf 83' lang='lat' dir='ltr'>an-</span> 
     </span>
     <span class='ocr_line' id='line_1_7' title="bbox 299 1342 1455 1430; baseline -0.001 -19"><span class='ocrx_word' id='word_1_43' title='bbox 299 1367 406 1411; x_wconf 90' lang='lat' dir='ltr'>sarem</span> <span class='ocrx_word' id='word_1_44' title='bbox 432 1352 466 1410; x_wconf 90' lang='lat' dir='ltr'>et</span> <span class='ocrx_word' id='word_1_45' title='bbox 489 1345 687 1430; x_wconf 87' lang='lat' dir='ltr'>Augustum</span> <span class='ocrx_word' id='word_1_46' title='bbox 710 1365 819 1411; x_wconf 84' lang='lat' dir='ltr'>novas</span> <span class='ocrx_word' id='word_1_47' title='bbox 842 1342 976 1410; x_wconf 88' lang='lat' dir='ltr'>tabulas</span> <span class='ocrx_word' id='word_1_48' title='bbox 1006 1344 1236 1410; x_wconf 90' lang='lat' dir='ltr'>conficiendas</span> <span class='ocrx_word' id='word_1_49' title='bbox 1258 1366 1399 1426; x_wconf 85' lang='lat' dir='ltr'>curasse,</span> <span class='ocrx_word' id='word_1_50' title='bbox 1411 1346 1455 1410; x_wconf 87' lang='lat' dir='ltr'>iis·</span> 
     </span>
     <span class='ocr_line' id='line_1_8' title="bbox 300 1457 1455 1546; baseline -0.001 -24"><span class='ocrx_word' id='word_1_51' title='bbox 300 1479 366 1545; x_wconf 91' lang='lat' dir='ltr'>que</span> <span class='ocrx_word' id='word_1_52' title='bbox 401 1464 435 1524; x_wconf 89' lang='lat' dir='ltr'>et</span> <span class='ocrx_word' id='word_1_53' title='bbox 468 1458 550 1544; x_wconf 91' lang='lat' dir='ltr'>ipsis</span> <span class='ocrx_word' id='word_1_54' title='bbox 572 1458 610 1522; x_wconf 92' lang='lat' dir='ltr'>in</span> <span class='ocrx_word' id='word_1_55' title='bbox 634 1457 855 1524; x_wconf 86' lang='lat' dir='ltr'>diiudicanda</span> <span class='ocrx_word' id='word_1_56' title='bbox 880 1458 999 1544; x_wconf 90' lang='lat' dir='ltr'>quiin</span> <span class='ocrx_word' id='word_1_57' title='bbox 1022 1457 1098 1523; x_wconf 89' lang='lat' dir='ltr'>illas</span> <span class='ocrx_word' id='word_1_58' title='bbox 1121 1458 1304 1540; x_wconf 79' lang='lat' dir='ltr'>referendi,</span> <span class='ocrx_word' id='word_1_59' title='bbox 1330 1459 1386 1546; x_wconf 92' lang='lat' dir='ltr'>qui</span> <span class='ocrx_word' id='word_1_60' title='bbox 1409 1480 1455 1524; x_wconf 87' lang='lat' dir='ltr'>ex·</span> 
     </span>
    </p>
   </div>
   <div class='ocr_carea' id='block_1_3' title="bbox 298 1571 1513 1662">
    <p class='ocr_par' dir='ltr' id='par_1_3' title="bbox 298 1571 1513 1662">
     <span class='ocr_line' id='line_1_9' title="bbox 298 1571 1513 1662; baseline 0 -26"><span class='ocrx_word' id='word_1_61' title='bbox 298 1571 460 1637; x_wconf 89' lang='lat' dir='ltr'>cludendi</span> <span class='ocrx_word' id='word_1_62' title='bbox 487 1576 608 1652; x_wconf 83' lang='lat' dir='ltr'>essent,</span> <span class='ocrx_word' id='word_1_63' title='bbox 632 1576 848 1637; x_wconf 90' lang='lat' dir='ltr'>momentum</span> <span class='ocrx_word' id='word_1_64' title='bbox 865 1571 981 1637; x_wconf 82' lang='lat' dir='ltr'>fecisse</span> <span class='ocrx_word' id='word_1_65' title='bbox 1006 1571 1176 1652; x_wconf 79' lang='lat' dir='ltr'>ciuitatem,</span> <span class='ocrx_word' id='word_1_66' title='bbox 1199 1593 1271 1637; x_wconf 91' lang='lat' dir='ltr'>uon</span> <span class='ocrx_word' id='word_1_67' title='bbox 1296 1579 1453 1658; x_wconf 72' lang='lat' dir='ltr'>eyestetern.</span> <span class='ocrx_word' id='word_1_68' title='bbox 1509 1582 1513 1662; x_wconf 68' lang='lat' dir='ltr'>t</span> 
     </span>
    </p>
   </div>
   <div class='ocr_carea' id='block_1_4' title="bbox 297 1683 1513 2000">
    <p class='ocr_par' dir='ltr' id='par_1_4' title="bbox 297 1683 1513 2000">
     <span class='ocr_line' id='line_1_10' title="bbox 298 1683 1513 1770; baseline -0.001 -20"><span class='ocrx_word' id='word_1_69' title='bbox 298 1683 455 1751; x_wconf 83' lang='lat' dir='ltr'>Eandem</span> <span class='ocrx_word' id='word_1_70' title='bbox 485 1683 598 1770; x_wconf 88' lang='lat' dir='ltr'>legem</span> <span class='ocrx_word' id='word_1_71' title='bbox 621 1690 737 1750; x_wconf 89' lang='lat' dir='ltr'>autem</span> <span class='ocrx_word' id='word_1_72' title='bbox 760 1684 865 1750; x_wconf 88' lang='lat' dir='ltr'>etiam</span> <span class='ocrx_word' id='word_1_73' title='bbox 888 1684 1029 1770; x_wconf 90' lang='lat' dir='ltr'>posthac</span> <span class='ocrx_word' id='word_1_74' title='bbox 1052 1685 1154 1750; x_wconf 88' lang='lat' dir='ltr'>fuisse</span> <span class='ocrx_word' id='word_1_75' title='bbox 1179 1691 1360 1752; x_wconf 89' lang='lat' dir='ltr'>servatam.</span> <span class='ocrx_word' id='word_1_76' title='bbox 1402 1685 1455 1749; x_wconf 86' lang='lat' dir='ltr'>Ar·</span> <span class='ocrx_word' id='word_1_77' title='bbox 1512 1709 1513 1712; x_wconf 43' lang='lat'>¹</span> 
     </span>
     <span class='ocr_line' id='line_1_11' title="bbox 297 1796 1512 1884; baseline -0.002 -21"><span class='ocrx_word' id='word_1_78' title='bbox 297 1804 462 1882; x_wconf 88' lang='lat' dir='ltr'>gumento</span> <span class='ocrx_word' id='word_1_79' title='bbox 486 1798 573 1863; x_wconf 90' lang='lat' dir='ltr'>mihi</span> <span class='ocrx_word' id='word_1_80' title='bbox 595 1803 695 1864; x_wconf 90' lang='lat' dir='ltr'>sunt:</span> <span class='ocrx_word' id='word_1_81' title='bbox 731 1820 751 1862; x_wconf 86' lang='lat' dir='ltr'>a</span> <span class='ocrx_word' id='word_1_82' title='bbox 782 1796 950 1864; x_wconf 88' lang='lat' dir='ltr'>vocabula</span> <span class='ocrx_word' id='word_1_83' title='bbox 985 1796 1110 1884; x_wconf 91' lang='lat' dir='ltr'>quibus</span> <span class='ocrx_word' id='word_1_84' title='bbox 1128 1797 1165 1862; x_wconf 90' lang='lat' dir='ltr'>in</span> <span class='ocrx_word' id='word_1_85' title='bbox 1189 1798 1254 1864; x_wconf 88' lang='lat' dir='ltr'>hac</span> <span class='ocrx_word' id='word_1_86' title='bbox 1274 1820 1310 1864; x_wconf 90' lang='lat' dir='ltr'>re</span> <span class='ocrx_word' id='word_1_87' title='bbox 1325 1804 1454 1864; x_wconf 91' lang='lat' dir='ltr'>utuntur</span> <span class='ocrx_word' id='word_1_88' title='bbox 1511 1833 1512 1851; x_wconf 43' lang='lat' dir='ltr'>r</span> 
     </span>
     <span class='ocr_line' id='line_1_12' title="bbox 298 1897 1512 2000; baseline -0.001 -23"><span class='ocrx_word' id='word_1_89' title='bbox 298 1912 477 2000; x_wconf 85' lang='lat' dir='ltr'>scriptores</span> <span class='ocrx_word' id='word_1_90' title='bbox 510 1911 680 1990; x_wconf 85' lang='lat' dir='ltr'>Romani;</span> <span class='ocrx_word' id='word_1_91' title='bbox 716 1915 734 1974; x_wconf 84' lang='lat' dir='ltr'>b</span> <span class='ocrx_word' id='word_1_92' title='bbox 769 1911 895 1976; x_wconf 91' lang='lat' dir='ltr'>barum</span> <span class='ocrx_word' id='word_1_93' title='bbox 917 1910 1141 1995; x_wconf 87' lang='lat' dir='ltr'>largitionum</span> <span class='ocrx_word' id='word_1_94' title='bbox 1161 1911 1248 1977; x_wconf 88' lang='lat' dir='ltr'>ratio</span> <span class='ocrx_word' id='word_1_95' title='bbox 1272 1918 1452 1990; x_wconf 86' lang='lat' dir='ltr'>acuatura;</span> <span class='ocrx_word' id='word_1_96' title='bbox 1511 1897 1512 1908; x_wconf 14' lang='grc' dir='ltr'><strong>ἶ</strong></span> 
     </span>
    </p>
   </div>
   <div class='ocr_carea' id='block_1_5' title="bbox 297 2023 1454 3021">
    <p class='ocr_par' dir='ltr' id='par_1_5' title="bbox 297 2023 1454 2678">
     <span class='ocr_line' id='line_1_13' title="bbox 298 2023 1454 2109; baseline -0.002 -18"><span class='ocrx_word' id='word_1_97' title='bbox 298 2048 313 2091; x_wconf 90' lang='lat' dir='ltr'>c</span> <span class='ocrx_word' id='word_1_98' title='bbox 346 2023 497 2092; x_wconf 80' lang='lat' dir='ltr'>Caesaris</span> <span class='ocrx_word' id='word_1_99' title='bbox 531 2031 565 2091; x_wconf 89' lang='lat' dir='ltr'>et</span> <span class='ocrx_word' id='word_1_100' title='bbox 598 2025 746 2109; x_wconf 84' lang='lat' dir='ltr'>Augusti</span> <span class='ocrx_word' id='word_1_101' title='bbox 769 2023 910 2092; x_wconf 89' lang='lat' dir='ltr'>consilia</span> <span class='ocrx_word' id='word_1_102' title='bbox 929 2024 1154 2091; x_wconf 87' lang='lat' dir='ltr'>frumentaria</span> <span class='ocrx_word' id='word_1_103' title='bbox 1166 2047 1174 2105; x_wconf 91' lang='lat'>;</span> <span class='ocrx_word' id='word_1_104' title='bbox 1210 2025 1232 2090; x_wconf 85' lang='lat' dir='ltr'>d</span> <span class='ocrx_word' id='word_1_105' title='bbox 1266 2032 1387 2091; x_wconf 87' lang='lat' dir='ltr'>natura</span> <span class='ocrx_word' id='word_1_106' title='bbox 1407 2025 1454 2090; x_wconf 89' lang='lat' dir='ltr'>tri·</span> 
     </span>
     <span class='ocr_line' id='line_1_14' title="bbox 298 2136 1453 2226; baseline -0.002 -22"><span class='ocrx_word' id='word_1_107' title='bbox 298 2138 417 2220; x_wconf 91' lang='lat' dir='ltr'>buum,</span> <span class='ocrx_word' id='word_1_108' title='bbox 450 2161 531 2205; x_wconf 91' lang='lat' dir='ltr'>cum</span> <span class='ocrx_word' id='word_1_109' title='bbox 565 2138 724 2204; x_wconf 79' lang='lat' dir='ltr'>Caesares</span> <span class='ocrx_word' id='word_1_110' title='bbox 758 2138 895 2224; x_wconf 92' lang='lat' dir='ltr'>imperii</span> <span class='ocrx_word' id='word_1_111' title='bbox 915 2159 1087 2204; x_wconf 89' lang='lat' dir='ltr'>summam</span> <span class='ocrx_word' id='word_1_112' title='bbox 1111 2136 1296 2221; x_wconf 88' lang='lat' dir='ltr'>tenebant;</span> <span class='ocrx_word' id='word_1_113' title='bbox 1328 2163 1343 2206; x_wconf 86' lang='lat' dir='ltr'>e</span> <span class='ocrx_word' id='word_1_114' title='bbox 1375 2137 1453 2226; x_wconf 90' lang='lat' dir='ltr'>quod</span> 
     </span>
     <span class='ocr_line' id='line_1_15' title="bbox 298 2250 1451 2339; baseline 0.001 -22"><span class='ocrx_word' id='word_1_115' title='bbox 298 2253 351 2317; x_wconf 92' lang='lat' dir='ltr'>ius</span> <span class='ocrx_word' id='word_1_116' title='bbox 373 2253 410 2317; x_wconf 92' lang='lat' dir='ltr'>in</span> <span class='ocrx_word' id='word_1_117' title='bbox 434 2253 647 2318; x_wconf 84' lang='lat' dir='ltr'>frumentum</span> <span class='ocrx_word' id='word_1_118' title='bbox 672 2250 849 2339; x_wconf 88' lang='lat' dir='ltr'>publicum</span> <span class='ocrx_word' id='word_1_119' title='bbox 873 2273 953 2318; x_wconf 91' lang='lat' dir='ltr'>cum</span> <span class='ocrx_word' id='word_1_120' title='bbox 976 2252 1013 2316; x_wconf 88' lang='lat' dir='ltr'>in</span> <span class='ocrx_word' id='word_1_121' title='bbox 1039 2252 1166 2317; x_wconf 90' lang='lat' dir='ltr'>honore</span> <span class='ocrx_word' id='word_1_122' title='bbox 1191 2253 1342 2338; x_wconf 90' lang='lat' dir='ltr'>positum</span> <span class='ocrx_word' id='word_1_123' title='bbox 1364 2253 1451 2318; x_wconf 75' lang='lat' dir='ltr'>fuisse</span> 
     </span>
     <span class='ocr_line' id='line_1_16' title="bbox 298 2364 1452 2452; baseline -0.003 -20"><span class='ocrx_word' id='word_1_124' title='bbox 298 2365 443 2447; x_wconf 82' lang='lat' dir='ltr'>videtur,</span> <span class='ocrx_word' id='word_1_125' title='bbox 494 2374 568 2432; x_wconf 90' lang='lat' dir='ltr'>tum</span> <span class='ocrx_word' id='word_1_126' title='bbox 603 2366 794 2431; x_wconf 91' lang='lat' dir='ltr'>officiorum</span> <span class='ocrx_word' id='word_1_127' title='bbox 828 2372 900 2430; x_wconf 91' lang='lat' dir='ltr'>erat</span> <span class='ocrx_word' id='word_1_128' title='bbox 936 2365 1166 2431; x_wconf 86' lang='lat' dir='ltr'>remuneratio</span> <span class='ocrx_word' id='word_1_129' title='bbox 1179 2387 1186 2445; x_wconf 93' lang='lat'>;</span> <span class='ocrx_word' id='word_1_130' title='bbox 1228 2367 1254 2452; x_wconf 77' lang='lat' dir='ltr'><strong><em>s</em></strong></span> <span class='ocrx_word' id='word_1_131' title='bbox 1281 2364 1452 2431; x_wconf 90' lang='lat' dir='ltr'>similitude</span> 
     </span>
     <span class='ocr_line' id='line_1_17' title="bbox 298 2478 1453 2566; baseline -0.002 -22"><span class='ocrx_word' id='word_1_132' title='bbox 298 2479 397 2565; x_wconf 86' lang='lat' dir='ltr'>panis</span> <span class='ocrx_word' id='word_1_133' title='bbox 421 2479 480 2565; x_wconf 91' lang='lat' dir='ltr'>qui</span> <span class='ocrx_word' id='word_1_134' title='bbox 504 2479 628 2544; x_wconf 87' lang='lat' dir='ltr'>dicitur</span> <span class='ocrx_word' id='word_1_135' title='bbox 650 2478 790 2564; x_wconf 86' lang='lat' dir='ltr'>gradilis</span> <span class='ocrx_word' id='word_1_136' title='bbox 808 2485 842 2545; x_wconf 88' lang='lat' dir='ltr'>et</span> <span class='ocrx_word' id='word_1_137' title='bbox 865 2500 1021 2545; x_wconf 90' lang='lat' dir='ltr'>annonae</span> <span class='ocrx_word' id='word_1_138' title='bbox 1039 2479 1179 2546; x_wconf 89' lang='lat' dir='ltr'>civicae.</span> <span class='ocrx_word' id='word_1_139' title='bbox 1225 2479 1375 2566; x_wconf 80' lang='lat' dir='ltr'>Singulis</span> <span class='ocrx_word' id='word_1_140' title='bbox 1384 2499 1453 2566; x_wconf 91' lang='lat' dir='ltr'>pau·</span> 
     </span>
     <span class='ocr_line' id='line_1_18' title="bbox 297 2592 627 2678; baseline 0.003 -21"><span class='ocrx_word' id='word_1_141' title='bbox 297 2592 401 2678; x_wconf 85' lang='lat' dir='ltr'>lisper</span> <span class='ocrx_word' id='word_1_142' title='bbox 423 2592 627 2658; x_wconf 79' lang='lat' dir='ltr'>insistamus</span> 
     </span>
    </p>

    <p class='ocr_par' dir='ltr' id='par_1_6' title="bbox 298 2706 1453 3021">
     <span class='ocr_line' id='line_1_19' title="bbox 342 2706 1453 2794; baseline -0.002 -23"><span class='ocrx_word' id='word_1_143' title='bbox 342 2706 499 2772; x_wconf 92' lang='lat' dir='ltr'>Primum</span> <span class='ocrx_word' id='word_1_144' title='bbox 523 2711 638 2773; x_wconf 90' lang='lat' dir='ltr'>tamen</span> <span class='ocrx_word' id='word_1_145' title='bbox 655 2706 955 2772; x_wconf 88' lang='lat' dir='ltr'>commemoranda</span> <span class='ocrx_word' id='word_1_146' title='bbox 968 2712 1017 2771; x_wconf 88' lang='lat' dir='ltr'>est</span> <span class='ocrx_word' id='word_1_147' title='bbox 1028 2706 1287 2772; x_wconf 84' lang='lat' dir='ltr'>narratiuncula</span> <span class='ocrx_word' id='word_1_148' title='bbox 1300 2706 1453 2794; x_wconf 91' lang='lat' dir='ltr'>quaedam</span> 
     </span>
     <span class='ocr_line' id='line_1_20' title="bbox 298 2818 1453 2907; baseline -0.003 -23"><span class='ocrx_word' id='word_1_149' title='bbox 298 2820 428 2901; x_wconf 88' lang='lat' dir='ltr'>festiva,</span> <span class='ocrx_word' id='word_1_150' title='bbox 451 2841 538 2907; x_wconf 88' lang='lat' dir='ltr'>quae</span> <span class='ocrx_word' id='word_1_151' title='bbox 562 2819 679 2885; x_wconf 87' lang='lat' dir='ltr'>multis</span> <span class='ocrx_word' id='word_1_152' title='bbox 702 2820 907 2886; x_wconf 88' lang='lat' dir='ltr'>documento</span> <span class='ocrx_word' id='word_1_153' title='bbox 931 2827 981 2885; x_wconf 90' lang='lat' dir='ltr'>est</span> <span class='ocrx_word' id='word_1_154' title='bbox 995 2820 1094 2887; x_wconf 91' lang='lat' dir='ltr'>initio</span> <span class='ocrx_word' id='word_1_155' title='bbox 1107 2819 1162 2886; x_wconf 89' lang='lat' dir='ltr'>vel</span> <span class='ocrx_word' id='word_1_156' title='bbox 1175 2818 1308 2886; x_wconf 88' lang='lat' dir='ltr'>nobiles</span> <span class='ocrx_word' id='word_1_157' title='bbox 1319 2821 1453 2885; x_wconf 86' lang='lat' dir='ltr'>frumen-</span> 
     </span>
     <span class='ocr_line' id='line_1_21' title="bbox 299 2932 1453 3021; baseline -0.003 -22"><span class='ocrx_word' id='word_1_158' title='bbox 299 2940 373 2999; x_wconf 90' lang='lat' dir='ltr'>tum</span> <span class='ocrx_word' id='word_1_159' title='bbox 398 2933 575 3021; x_wconf 88' lang='lat' dir='ltr'>publicum</span> <span class='ocrx_word' id='word_1_160' title='bbox 599 2954 660 2999; x_wconf 91' lang='lat' dir='ltr'>suo</span> <span class='ocrx_word' id='word_1_161' title='bbox 678 2934 751 2998; x_wconf 89' lang='lat' dir='ltr'>iure</span> <span class='ocrx_word' id='word_1_162' title='bbox 764 2933 934 3019; x_wconf 90' lang='lat' dir='ltr'>postulare</span> <span class='ocrx_word' id='word_1_163' title='bbox 946 2932 1090 2999; x_wconf 91' lang='lat' dir='ltr'>licuisse.</span> <span class='ocrx_word' id='word_1_164' title='bbox 1115 2933 1453 3021; x_wconf 76' lang='lat' dir='ltr'>Legiturapudtliee·</span> 
     </span>
    </p>
   </div>
   <div class='ocr_carea' id='block_1_6' title="bbox 298 3045 1511 3133">
    <p class='ocr_par' dir='ltr' id='par_1_7' title="bbox 298 3045 1511 3133">
     <span class='ocr_line' id='line_1_22' title="bbox 298 3045 1511 3133; baseline -0.003 -21"><span class='ocrx_word' id='word_1_165' title='bbox 298 3068 428 3114; x_wconf 90' lang='lat' dir='ltr'>renem.</span> <span class='ocrx_word' id='word_1_166' title='bbox 456 3047 553 3126; x_wconf 89' lang='lat' dir='ltr'>„Piso</span> <span class='ocrx_word' id='word_1_167' title='bbox 573 3045 630 3111; x_wconf 92' lang='lat' dir='ltr'>ille</span> <span class='ocrx_word' id='word_1_168' title='bbox 653 3047 760 3131; x_wconf 82' lang='lat' dir='ltr'>Frugi</span> <span class='ocrx_word' id='word_1_169' title='bbox 783 3069 919 3133; x_wconf 87' lang='lat' dir='ltr'>semper</span> <span class='ocrx_word' id='word_1_170' title='bbox 937 3053 1056 3113; x_wconf 89' lang='lat' dir='ltr'>contra</span> <span class='ocrx_word' id='word_1_171' title='bbox 1079 3047 1192 3132; x_wconf 85' lang='lat' dir='ltr'>legem</span> <span class='ocrx_word' id='word_1_172' title='bbox 1205 3047 1452 3114; x_wconf 87' lang='lat' dir='ltr'>frumentariam</span> <span class='ocrx_word' id='word_1_173' title='bbox 1507 3110 1511 3123; x_wconf 72' lang='lat'>‚</span> 
     </span>
    </p>
   </div>
   <div class='ocr_carea' id='block_1_7' title="bbox 299 3159 1511 3248">
    <p class='ocr_par' dir='ltr' id='par_1_8' title="bbox 299 3159 1511 3248">
     <span class='ocr_line' id='line_1_23' title="bbox 299 3159 1511 3248; baseline -0.002 -24"><span class='ocrx_word' id='word_1_174' title='bbox 299 3160 441 3226; x_wconf 84' lang='lat' dir='ltr'>dixerat.</span> <span class='ocrx_word' id='word_1_175' title='bbox 487 3159 522 3225; x_wconf 93' lang='lat' dir='ltr'>Is</span> <span class='ocrx_word' id='word_1_176' title='bbox 544 3159 618 3243; x_wconf 87' lang='lat' dir='ltr'>lege</span> <span class='ocrx_word' id='word_1_177' title='bbox 642 3159 711 3224; x_wconf 90' lang='lat' dir='ltr'>lata</span> <span class='ocrx_word' id='word_1_178' title='bbox 734 3160 921 3226; x_wconf 90' lang='lat' dir='ltr'>consularis</span> <span class='ocrx_word' id='word_1_179' title='bbox 934 3161 978 3227; x_wconf 91' lang='lat' dir='ltr'>ad</span> <span class='ocrx_word' id='word_1_180' title='bbox 990 3161 1205 3226; x_wconf 82' lang='lat' dir='ltr'>frumentum</span> <span class='ocrx_word' id='word_1_181' title='bbox 1221 3159 1453 3248; x_wconf 85' lang='lat' dir='ltr'>accipiundum</span> <span class='ocrx_word' id='word_1_182' title='bbox 1510 3201 1511 3214; x_wconf 75' lang='lat'>.</span> 
     </span>
    </p>
   </div>
   <div class='ocr_carea' id='block_1_8' title="bbox 297 3273 1453 3814">
    <p class='ocr_par' dir='ltr' id='par_1_9' title="bbox 297 3273 1453 3814">
     <span class='ocr_line' id='line_1_24' title="bbox 298 3273 1453 3341; baseline -0.004 -1"><span class='ocrx_word' id='word_1_183' title='bbox 298 3279 448 3340; x_wconf 86' lang='lat' dir='ltr'>venerat.</span> <span class='ocrx_word' id='word_1_184' title='bbox 462 3273 630 3338; x_wconf 81' lang='lat' dir='ltr'>Animum</span> <span class='ocrx_word' id='word_1_185' title='bbox 643 3273 789 3339; x_wconf 90' lang='lat' dir='ltr'>advertit</span> <span class='ocrx_word' id='word_1_186' title='bbox 801 3274 976 3341; x_wconf 84' lang='lat' dir='ltr'>Gracchus</span> <span class='ocrx_word' id='word_1_187' title='bbox 988 3275 1024 3339; x_wconf 89' lang='lat' dir='ltr'>in</span> <span class='ocrx_word' id='word_1_188' title='bbox 1037 3275 1194 3340; x_wconf 89' lang='lat' dir='ltr'>contione</span> <span class='ocrx_word' id='word_1_189' title='bbox 1203 3275 1362 3340; x_wconf 88' lang='lat' dir='ltr'>Pisonem</span> <span class='ocrx_word' id='word_1_190' title='bbox 1375 3279 1453 3338; x_wconf 89' lang='lat' dir='ltr'>stan·</span> 
     </span>
     <span class='ocr_line' id='line_1_25' title="bbox 298 3386 1453 3474; baseline -0.003 -22"><span class='ocrx_word' id='word_1_191' title='bbox 298 3393 389 3466; x_wconf 90' lang='lat' dir='ltr'>tem;</span> <span class='ocrx_word' id='word_1_192' title='bbox 416 3386 549 3473; x_wconf 89' lang='lat' dir='ltr'>quaerit</span> <span class='ocrx_word' id='word_1_193' title='bbox 573 3386 732 3452; x_wconf 88' lang='lat' dir='ltr'>audiente</span> <span class='ocrx_word' id='word_1_194' title='bbox 759 3387 885 3474; x_wconf 91' lang='lat' dir='ltr'>populo</span> <span class='ocrx_word' id='word_1_195' title='bbox 911 3389 1068 3454; x_wconf 89' lang='lat' dir='ltr'>Romano</span> <span class='ocrx_word' id='word_1_196' title='bbox 1082 3388 1142 3474; x_wconf 91' lang='lat' dir='ltr'>qui</span> <span class='ocrx_word' id='word_1_197' title='bbox 1155 3387 1219 3453; x_wconf 91' lang='lat' dir='ltr'>sibi</span> <span class='ocrx_word' id='word_1_198' title='bbox 1233 3394 1371 3468; x_wconf 87' lang='lat' dir='ltr'>constet,</span> <span class='ocrx_word' id='word_1_199' title='bbox 1383 3406 1453 3451; x_wconf 92' lang='lat' dir='ltr'>cum</span> 
     </span>
     <span class='ocr_line' id='line_1_26' title="bbox 298 3498 1453 3588; baseline -0.003 -22"><span class='ocrx_word' id='word_1_200' title='bbox 298 3521 338 3566; x_wconf 88' lang='lat' dir='ltr'>ea</span> <span class='ocrx_word' id='word_1_201' title='bbox 360 3499 434 3584; x_wconf 88' lang='lat' dir='ltr'>lage</span> <span class='ocrx_word' id='word_1_202' title='bbox 458 3500 671 3565; x_wconf 84' lang='lat' dir='ltr'>frumentum</span> <span class='ocrx_word' id='word_1_203' title='bbox 695 3507 797 3586; x_wconf 90' lang='lat' dir='ltr'>petat,</span> <span class='ocrx_word' id='word_1_204' title='bbox 823 3523 928 3588; x_wconf 88' lang='lat' dir='ltr'>quam</span> <span class='ocrx_word' id='word_1_205' title='bbox 952 3501 1155 3567; x_wconf 89' lang='lat' dir='ltr'>dissuaserit.</span> <span class='ocrx_word' id='word_1_206' title='bbox 1201 3498 1453 3585; x_wconf 79' lang='lat' dir='ltr'>‘Nolim’inquit</span> 
     </span>
     <span class='ocr_line' id='line_1_27' title="bbox 297 3611 1453 3694; baseline -0.003 -16"><span class='ocrx_word' id='word_1_207' title='bbox 297 3613 385 3679; x_wconf 79' lang='lat' dir='ltr'>‘mea</span> <span class='ocrx_word' id='word_1_208' title='bbox 420 3611 520 3694; x_wconf 87' lang='lat' dir='ltr'>bona,</span> <span class='ocrx_word' id='word_1_209' title='bbox 556 3613 719 3690; x_wconf 83' lang='lat' dir='ltr'>Graccho,</span> <span class='ocrx_word' id='word_1_210' title='bbox 756 3613 818 3680; x_wconf 92' lang='lat' dir='ltr'>tibi</span> <span class='ocrx_word' id='word_1_211' title='bbox 853 3614 981 3681; x_wconf 90' lang='lat' dir='ltr'>viritim</span> <span class='ocrx_word' id='word_1_212' title='bbox 1019 3615 1169 3680; x_wconf 90' lang='lat' dir='ltr'>dividere</span> <span class='ocrx_word' id='word_1_213' title='bbox 1207 3614 1323 3694; x_wconf 87' lang='lat' dir='ltr'>libeat,</span> <span class='ocrx_word' id='word_1_214' title='bbox 1346 3613 1409 3694; x_wconf 89' lang='lat' dir='ltr'>sed,</span> <span class='ocrx_word' id='word_1_215' title='bbox 1431 3611 1453 3676; x_wconf 89' lang='lat' dir='ltr'>si</span> 
     </span>
     <span class='ocr_line' id='line_1_28' title="bbox 297 3726 1452 3814; baseline -0.003 -22"><span class='ocrx_word' id='word_1_216' title='bbox 297 3727 409 3806; x_wconf 86' lang='lat' dir='ltr'>facias,</span> <span class='ocrx_word' id='word_1_217' title='bbox 435 3733 567 3814; x_wconf 89' lang='lat' dir='ltr'>partem</span> <span class='ocrx_word' id='word_1_218' title='bbox 591 3727 747 3814; x_wconf 89' lang='lat' dir='ltr'>petam&#39;’&#39;.</span> <span class='ocrx_word' id='word_1_219' title='bbox 772 3726 798 3807; x_wconf 73' lang='lat'>⁵³)</span> <span class='ocrx_word' id='word_1_220' title='bbox 827 3728 967 3793; x_wconf 90' lang='lat' dir='ltr'>Nullam</span> <span class='ocrx_word' id='word_1_221' title='bbox 992 3727 1103 3813; x_wconf 91' lang='lat' dir='ltr'>legem</span> <span class='ocrx_word' id='word_1_222' title='bbox 1127 3727 1228 3814; x_wconf 85' lang='lat' dir='ltr'>plane</span> <span class='ocrx_word' id='word_1_223' title='bbox 1253 3729 1394 3796; x_wconf 87' lang='lat' dir='ltr'>vetuisse</span> <span class='ocrx_word' id='word_1_224' title='bbox 1416 3745 1452 3789; x_wconf 92' lang='lat' dir='ltr'>ne</span> 
     </span>
    </p>
   </div>
   <div class='ocr_carea' id='block_1_9' title="bbox 296 3897 1452 4214">
    <p class='ocr_par' dir='ltr' id='par_1_10' title="bbox 296 3897 1452 4214">
     <span class='ocr_line' id='line_1_29' title="bbox 298 3897 1452 3965; baseline 0.003 -20"><span class='ocrx_word' id='word_1_225' title='bbox 298 3899 346 3947; x_wconf 77' lang='lat'>506</span> <span class='ocrx_word' id='word_1_226' title='bbox 375 3915 421 3963; x_wconf 89' lang='lat' dir='ltr'>seq.</span> <span class='ocrx_word' id='word_1_227' title='bbox 448 3900 529 3961; x_wconf 89' lang='lat' dir='ltr'>(Hunc</span> <span class='ocrx_word' id='word_1_228' title='bbox 555 3900 634 3949; x_wconf 88' lang='lat' dir='ltr'>locum</span> <span class='ocrx_word' id='word_1_229' title='bbox 661 3901 723 3948; x_wconf 84' lang='lat' dir='ltr'>infra</span> <span class='ocrx_word' id='word_1_230' title='bbox 748 3901 886 3964; x_wconf 85' lang='lat' dir='ltr'>transcripsi</span> <span class='ocrx_word' id='word_1_231' title='bbox 904 3901 930 3949; x_wconf 93' lang='lat' dir='ltr'>in</span> <span class='ocrx_word' id='word_1_232' title='bbox 948 3902 994 3949; x_wconf 86' lang='lat' dir='ltr'>fine</span> <span class='ocrx_word' id='word_1_233' title='bbox 1011 3902 1112 3965; x_wconf 88' lang='lat' dir='ltr'>capitis.)</span> <span class='ocrx_word' id='word_1_234' title='bbox 1135 3901 1266 3950; x_wconf 76' lang='lat' dir='ltr'>Radbertus</span> <span class='ocrx_word' id='word_1_235' title='bbox 1283 3902 1300 3950; x_wconf 94' lang='lat' dir='ltr'>l.</span> <span class='ocrx_word' id='word_1_236' title='bbox 1318 3901 1335 3950; x_wconf 96' lang='lat' dir='ltr'>l.</span> <span class='ocrx_word' id='word_1_237' title='bbox 1352 3915 1399 3965; x_wconf 81' lang='lat' dir='ltr'>pag.</span> <span class='ocrx_word' id='word_1_238' title='bbox 1411 3897 1452 3949; x_wconf 76' lang='lat'>37⁹</span> 
     </span>
     <span class='ocr_line' id='line_1_30' title="bbox 296 3982 1452 4050; baseline 0.003 -22"><span class='ocrx_word' id='word_1_239' title='bbox 296 3982 352 4029; x_wconf 91' lang='lat' dir='ltr'>inde</span> <span class='ocrx_word' id='word_1_240' title='bbox 377 3998 390 4030; x_wconf 81' lang='lat' dir='ltr'>a</span> <span class='ocrx_word' id='word_1_241' title='bbox 416 3982 499 4032; x_wconf 86' lang='lat' dir='ltr'>Clodio</span> <span class='ocrx_word' id='word_1_242' title='bbox 525 3984 562 4045; x_wconf 82' lang='lat' dir='ltr'>(de</span> <span class='ocrx_word' id='word_1_243' title='bbox 588 3984 655 4031; x_wconf 90' lang='lat' dir='ltr'>cuius</span> <span class='ocrx_word' id='word_1_244' title='bbox 676 3983 728 4046; x_wconf 86' lang='lat' dir='ltr'>lege</span> <span class='ocrx_word' id='word_1_245' title='bbox 756 3983 809 4031; x_wconf 89' lang='lat' dir='ltr'>vide</span> <span class='ocrx_word' id='word_1_246' title='bbox 840 3999 910 4048; x_wconf 89' lang='lat' dir='ltr'>supra</span> <span class='ocrx_word' id='word_1_247' title='bbox 940 4000 991 4049; x_wconf 81' lang='lat' dir='ltr'>pag.</span> <span class='ocrx_word' id='word_1_248' title='bbox 1023 3985 1087 4044; x_wconf 85' lang='lat'>133),</span> <span class='ocrx_word' id='word_1_249' title='bbox 1114 3984 1237 4033; x_wconf 87' lang='lat' dir='ltr'>veteriores</span> <span class='ocrx_word' id='word_1_250' title='bbox 1265 3984 1370 4050; x_wconf 88' lang='lat' dir='ltr'>plerique</span> <span class='ocrx_word' id='word_1_251' title='bbox 1393 3987 1452 4044; x_wconf 79' lang='lat' dir='ltr'>(quos</span> 
     </span>
     <span class='ocr_line' id='line_1_31' title="bbox 296 4063 1452 4130; baseline -0.003 -18"><span class='ocrx_word' id='word_1_252' title='bbox 296 4064 350 4112; x_wconf 86' lang='lat' dir='ltr'>vide</span> <span class='ocrx_word' id='word_1_253' title='bbox 375 4065 401 4112; x_wconf 93' lang='lat' dir='ltr'>in</span> <span class='ocrx_word' id='word_1_254' title='bbox 426 4066 523 4130; x_wconf 84' lang='lat' dir='ltr'>Paoly’s</span> <span class='ocrx_word' id='word_1_255' title='bbox 549 4066 716 4130; x_wconf 77' lang='lat' dir='ltr'>Real-llncycl.</span> <span class='ocrx_word' id='word_1_256' title='bbox 742 4066 776 4114; x_wconf 90' lang='lat' dir='ltr'>IV</span> <span class='ocrx_word' id='word_1_257' title='bbox 801 4082 852 4130; x_wconf 84' lang='lat' dir='ltr'>pag.</span> <span class='ocrx_word' id='word_1_258' title='bbox 880 4067 927 4118; x_wconf 79' lang='lat'>778</span> <span class='ocrx_word' id='word_1_259' title='bbox 952 4083 970 4115; x_wconf 90' lang='lat' dir='ltr'>s.</span> <span class='ocrx_word' id='word_1_260' title='bbox 988 4083 1011 4116; x_wconf 90' lang='lat' dir='ltr'>v.</span> <span class='ocrx_word' id='word_1_261' title='bbox 1041 4067 1147 4130; x_wconf 64' lang='lat' dir='ltr'>largitio)</span> <span class='ocrx_word' id='word_1_262' title='bbox 1173 4067 1221 4116; x_wconf 84' lang='lat' dir='ltr'>iam</span> <span class='ocrx_word' id='word_1_263' title='bbox 1246 4068 1276 4117; x_wconf 82' lang='lat' dir='ltr'>ab</span> <span class='ocrx_word' id='word_1_264' title='bbox 1294 4067 1375 4116; x_wconf 91' lang='lat' dir='ltr'>ultimo</span> <span class='ocrx_word' id='word_1_265' title='bbox 1390 4063 1452 4112; x_wconf 88' lang='lat' dir='ltr'>initio</span> 
     </span>
     <span class='ocr_line' id='line_1_32' title="bbox 296 4148 1123 4214; baseline 0.004 -19"><span class='ocrx_word' id='word_1_266' title='bbox 296 4163 344 4196; x_wconf 90' lang='lat' dir='ltr'>non</span> <span class='ocrx_word' id='word_1_267' title='bbox 362 4148 409 4196; x_wconf 87' lang='lat' dir='ltr'>nisi</span> <span class='ocrx_word' id='word_1_268' title='bbox 428 4149 607 4213; x_wconf 86' lang='lat' dir='ltr'>pauperioribus</span> <span class='ocrx_word' id='word_1_269' title='bbox 624 4150 736 4199; x_wconf 72' lang='lat' dir='ltr'>frumenti</span> <span class='ocrx_word' id='word_1_270' title='bbox 754 4149 890 4213; x_wconf 87' lang='lat' dir='ltr'>largitiones</span> <span class='ocrx_word' id='word_1_271' title='bbox 907 4150 1018 4214; x_wconf 76' lang='lat' dir='ltr'>obtigisse</span> <span class='ocrx_word' id='word_1_272' title='bbox 1034 4152 1123 4199; x_wconf 89' lang='lat' dir='ltr'>docent.</span> 
     </span>
    </p>
   </div>
   <div class='ocr_carea' id='block_1_10' title="bbox 329 4229 1056 4376">
    <p class='ocr_par' dir='ltr' id='par_1_11' title="bbox 329 4229 1056 4376">
     <span class='ocr_line' id='line_1_33' title="bbox 332 4229 1056 4298; baseline 0.006 -20"><span class='ocrx_word' id='word_1_273' title='bbox 332 4230 349 4291; x_wconf 87' lang='grc'>1)</span> <span class='ocrx_word' id='word_1_274' title='bbox 384 4229 433 4294; x_wconf 77' lang='lat' dir='ltr'>Qui</span> <span class='ocrx_word' id='word_1_275' title='bbox 451 4248 498 4281; x_wconf 92' lang='lat' dir='ltr'>non</span> <span class='ocrx_word' id='word_1_276' title='bbox 516 4232 578 4281; x_wconf 88' lang='lat' dir='ltr'>iusto</span> <span class='ocrx_word' id='word_1_277' title='bbox 596 4233 647 4281; x_wconf 90' lang='lat' dir='ltr'>iure</span> <span class='ocrx_word' id='word_1_278' title='bbox 664 4233 727 4281; x_wconf 86' lang='lat' dir='ltr'>cives</span> <span class='ocrx_word' id='word_1_279' title='bbox 744 4235 809 4281; x_wconf 87' lang='lat' dir='ltr'>erant</span> <span class='ocrx_word' id='word_1_280' title='bbox 826 4233 940 4282; x_wconf 92' lang='lat' dir='ltr'>nimirum</span> <span class='ocrx_word' id='word_1_281' title='bbox 958 4234 1056 4298; x_wconf 84' lang='lat' dir='ltr'>excipio.</span> 
     </span>
     <span class='ocr_line' id='line_1_34' title="bbox 329 4314 702 4376; baseline 0.008 -14"><span class='ocrx_word' id='word_1_282' title='bbox 329 4315 349 4376; x_wconf 76' lang='lat'>²)</span> <span class='ocrx_word' id='word_1_283' title='bbox 384 4314 434 4364; x_wconf 85' lang='lat' dir='ltr'>Cic.</span> <span class='ocrx_word' id='word_1_284' title='bbox 452 4315 521 4366; x_wconf 79' lang='lat' dir='ltr'>Tuae.</span> <span class='ocrx_word' id='word_1_285' title='bbox 539 4315 586 4374; x_wconf 88' lang='lat'><strong>111,</strong></span> <span class='ocrx_word' id='word_1_286' title='bbox 604 4316 644 4376; x_wconf 80' lang='lat'>20,</span> <span class='ocrx_word' id='word_1_287' title='bbox 662 4317 702 4365; x_wconf 79' lang='lat'>48.</span> 
     </span>
    </p>
   </div>
   <div class='ocr_carea' id='block_1_11' title="bbox 1510 3150 1512 3282">
    <p class='ocr_par' dir='ltr' id='par_1_12' title="bbox 1510 3150 1512 3282">
     <span class='ocr_line' id='line_1_35' title="bbox 1510 3150 1511 3192; baseline 0 0"><span class='ocrx_word' id='word_1_288' title='bbox 1510 3150 1511 3192; x_wconf 86' lang='lat' dir='ltr'>l</span> 
     </span>
     <span class='ocr_line' id='line_1_36' title="bbox 1510 3229 1512 3282; baseline 0 0"><span class='ocrx_word' id='word_1_289' title='bbox 1510 3229 1512 3282; x_wconf 89' lang='lat' dir='ltr'>l</span> 
     </span>
    </p>
   </div>
   <div class='ocr_carea' id='block_1_12' title="bbox 0 0 1524 5134">
    <p class='ocr_par' dir='ltr' id='par_1_13' title="bbox 0 0 1524 5134">
     <span class='ocr_line' id='line_1_37' title="bbox 0 0 1524 5134; baseline 0 0"><span class='ocrx_word' id='word_1_290' title='bbox 0 0 1524 5134; x_wconf 95' lang='lat' dir='ltr'> </span> 
     </span>
    </p>
   </div>
  </div>
 </body>
</html>
