3040 5134
597 539 662 606 105

41 736 172 782 omnem
196 718 418 803 permutandi
441 721 609 787 rationem
632 741 788 786 aversam
810 740 881 785 esse
905 740 925 784 a
948 721 1089 783 natura:
1105 736 1205 782 nurn-

41 851 131 894 mum
165 836 285 896 autem
319 853 362 897 ex
384 834 572 900 necessaria
594 833 845 920 permutatione
869 834 1106 917 comparatum
1134 851 1203 896 esse

42 963 75 1008 ac
98 944 365 1030 suppeditatum.
401 946 508 1032 Atqui
531 953 607 1012 tum
640 947 713 1032 ipsa
735 945 882 1033 pecunia
905 944 1070 1010 secundas
1092 949 1204 1030 partes

42 1056 124 1140 agit:
162 1057 194 1122 ci
227 1063 365 1123 tantum
398 1059 507 1124 honos
541 1065 601 1140 est,
638 1059 750 1146 quoad
785 1057 983 1123 facultatem
1006 1056 1064 1122 det
1094 1057 1203 1123 multa

44 1171 371 1236 consumendi.
396 1169 421 1258 1)

81 1283 198 1368 Longe
222 1282 321 1348 aliter
342 1305 423 1350 vero
447 1305 499 1350 res
522 1305 556 1349 se
579 1283 692 1365 habet,
717 1305 796 1349 curn
821 1284 968 1370 pecunia
980 1283 1019 1348 fit
1031 1304 1200 1364 mensura,
1251 1281 1255 1288 '

44 1396 157 1480 regula
179 1403 212 1462 et
236 1397 386 1482 pretium
409 1399 564 1463 omnium
581 1418 706 1463 rerum.
732 1398 775 1462 In
793 1402 956 1484 promptu
969 1397 1202 1463 manifestum-

45 1530 104 1595 que
141 1516 190 1576 est
223 1517 300 1575 tum
331 1511 445 1576 minus
477 1511 620 1597 cogitari
648 1510 689 1576 de
714 1532 777 1576 usu
802 1531 906 1597 quem
930 1510 1076 1596 pecunia
1098 1509 1205 1576 habet

44 1623 81 1687 ad
113 1625 303 1690 necessaria
326 1625 481 1690 emenda.
507 1624 532 1712 ²)
567 1625 718 1690 Pecunia
743 1625 817 1710 ipsa
840 1624 990 1689 multum
1012 1623 1132 1705 valet5·
1148 1645 1204 1710 pe-

44 1737 138 1802 cunia
172 1738 246 1824 ipsa
270 1739 461 1824 appetitur;
491 1739 599 1818 „circa
622 1738 806 1824 pecuniam
829 1737 1020 1824 plurimum
1043 1737 1204 1803 vocifera-

44 1850 139 1917 tionis
162 1857 220 1917 est.
245 1851 292 1939 3)”
317 1852 437 1917 Talem
460 1858 576 1918 autem
602 1872 701 1916 usum
726 1851 901 1938 pecuniae,
926 1851 1045 1938 quiin
1068 1872 1204 1937 permu-

45 1965 164 2030 tatione
187 1966 324 2030 nummi
347 1964 507 2047 consistit,
533 1965 654 2030 merito
678 1964 865 2051 vituperari
883 1963 1081 2030 Aristoteles
1099 1963 1201 2030 dicit:

46 2098 108 2142 non
143 2079 235 2144 enim
270 2085 413 2144 naturae
445 2085 712 2145 consentaneum
746 2100 826 2159 esse,
851 2078 969 2144 sedin
993 2098 1032 2143 eo
1055 2076 1202 2143 alterum

47 2189 83 2254 ab
105 2191 209 2258 altero
233 2192 369 2258 lucrum
392 2193 566 2280 aucupari.

85 2305 244 2371 Consulto
268 2307 333 2371 feci
353 2307 445 2392 quod
460 2306 648 2372 Aristotelis
659 2307 828 2371 rationem
840 2327 943 2392 supra
955 2304 1035 2370 satis
1047 2310 1202 2371 accurate

47 2419 225 2506 perscripsi.
269 2420 312 2484 In
335 2418 394 2484 illa
417 2421 510 2485 enim
533 2420 643 2485 multa
667 2426 748 2485 sunt
770 2420 875 2504 digna
896 2440 983 2507 quae
1006 2424 1202 2485 nostrorum

48 2551 174 2619 quoque
197 2533 396 2620 aequalium
420 2534 642 2618 cogitationes
665 2540 841 2621 occupent.
866 2533 967 2612 Quod
990 2554 1032 2598 ne
1046 2531 1203 2598 itaintel·

48 2643 161 2712 laxeris
178 2648 275 2733 quasi
288 2669 343 2712 me
359 2647 471 2732 fugiat
482 2648 547 2713 hac
560 2647 626 2712 fide
640 2654 742 2734 atque
755 2648 820 2713 hac
832 2647 962 2743 ratione
978 2647 1203 2733 pecuniarum

49 2779 127 2843 quae
159 2782 251 2826 nunc
276 2761 373 2846 viget
385 2761 610 2848 [Germanice
625 2761 935 2848 Krcditwirtsohcst]
947 2760 1081 2826 homini
1093 2761 1203 2845 magis

51 2893 146 2957 quam
170 2882 272 2940 antea
283 2874 481 2941 facultatem
494 2897 564 2940 esse
577 2873 728 2940 oblatam
743 2881 782 2940 ut
794 2881 920 2940 terram
933 2896 1119 2962 omnesque
1131 2874 1205 2941 eius

53 3072 232 3086 ξ...-

82 3200 95 3258 Ι)
119 3201 154 3249 Ol.
172 3202 202 3250 H.
222 3219 244 3250 v.
263 3201 344 3250 Scheel
362 3203 387 3250 in
404 3202 501 3251 Jahrbb.
518 3203 535 3250 f.
554 3201 734 3250 Nationalolon.
753 3219 776 3249 ιι.
795 3202 882 3250 satist.
900 3201 933 3249 VI
950 3218 1001 3266 pag.
1021 3203 1068 3250 16:
1088 3202 1207 3266 „Freilich

50 3281 100 3330 wird
124 3285 194 3333 dieses
221 3285 281 3332 Gelu
305 3286 346 3333 der
363 3285 611 3334 Naturalwirthschast
628 3286 665 3333 dic
683 3285 789 3349 Qualiter
805 3284 840 3333 als
858 3284 948 3334 solches
964 3286 1025 3333 noch
1042 3286 1206 3335 vornehmlich

49 3364 127 3414 crinem
143 3367 341 3432 hervorragcnden
360 3369 616 3417 Consumtionswerthe
633 3385 661 3416 zu
679 3368 810 3416 verdanken
827 3368 903 3416 haben
921 3397 952 3404 —-
970 3369 1012 3417 auf
1023 3369 1065 3417 ihn
1076 3373 1146 3417 stiitzt
1155 3370 1204 3418 sich

49 3448 101 3495 noch
125 3450 258 3514 vorziiglich
285 3451 326 3498 der
350 3451 522 3499 Tauschwerth.
558 3451 605 3498 Das
623 3450 683 3498 Geld
701 3451 741 3498 der
759 3451 1006 3500 Naturalwirthschalt
1023 3452 1054 3500 ist
1070 3452 1137 3500 nicht
1154 3453 1206 3501 cine

48 3530 102 3578 reine
118 3533 317 3592 Zwischenwaare,
335 3535 435 3582 sondern
452 3533 558 3598 zugleich
576 3535 628 3582 eine
645 3533 794 3597 vorziigliclrc
811 3535 997 3593 Consumwaare,
1015 3536 1064 3583 und
1073 3535 1111 3582 die
1119 3535 1204 3598 Eigcn-

48 3612 120 3672 celest,
136 3617 186 3666 lass
203 3617 378 3666 massenhalter
394 3618 471 3666 Besilz
488 3616 609 3666 derselben
626 3617 679 3665 (lem
696 3617 800 3665 Besitzer
816 3617 958 3666 Reichthum
975 3617 1083 3676 verleiht,
1093 3617 1202 3680 liegtwe-

47 3695 106 3758 niger
121 3700 194 3758 datin,
213 3703 265 3750 dass
283 3701 395 3749 derselbe·
406 3701 487 3749 Macht
504 3717 532 3748 zu
549 3700 644 3758 kaulen,
661 3700 697 3748 als
714 3701 767 3748 dass
784 3715 808 3747 er
831 3699 900 3748 rulle
917 3717 945 3748 zu
959 3701 1106 3749 consumiren
1116 3700 1203 3762 giebt.''

47 3777 137 3829 lloscher
157 3783 173 3832 l.
189 3784 206 3832 l.
225 3801 276 3849 pag.
296 3785 345 3832 289
363 3785 416 3832 adn.
437 3784 483 3832 la:
503 3783 682 3848 „Natural-und
699 3783 905 3832 Geldwirtlrschaft
922 3784 1031 3831 beetehcn
1048 3783 1203 3831 meistnebcn

47 3860 152 3924 einander,
169 3869 216 3916 und
234 3883 289 3916 man
307 3871 382 3915 nennt
398 3868 444 3915 den
460 3883 548 3930 ganzcn
567 3867 671 3914 Zustand
689 3867 748 3915 nach
765 3867 806 3914 der
823 3866 1034 3914 vorherrschcnden
1051 3865 1136 3913 Seite.’'

76 3941 93 4005 ²)
116 3963 136 3995 v.
161 3949 240 3998 Schcel
266 3951 283 3998 l.
302 3950 319 3998 l.
346 3966 397 4014 pag.
417 3950 465 3998 20:
485 3951 548 4013 „Der
565 3950 656 4013 Begriff
671 3951 710 3998 des
727 3949 904 3997 Tauschwerths
921 3949 981 3996 wird
998 3947 1073 3996 durch
1095 3948 1133 3995 dic
1153 3949 1203 3997 sich

49 4029 97 4075 nea
120 4032 256 4082 mehrenden
283 4032 447 4081 Geldumsttze
469 4033 560 4082 starker
576 4032 721 4096 ansgebilclet
738 4033 787 4080 und
805 4048 859 4079 man
877 4031 986 4094 gewiihut
1002 4031 1052 4078 sich
1069 4031 1135 4078 mehr
1155 4033 1202 4080 und

49 4110 106 4158 rnchr
128 4114 203 4172 daran,
221 4117 334 4164 znntchst
352 4116 419 4164 nicht
436 4117 481 4164 den
500 4116 602 4163 directen
620 4114 863 4162 Consumtionswerth
880 4115 921 4162 tler
938 4114 1019 4173 Giiter,
1038 4114 1138 4162 condem
1156 4115 1201 4163 den

49 4189 198 4246 leuschwerth
215 4215 243 4247 zu
261 4199 428 4248 beobachten.”

77 4264 424 4340 ummmmum
