3084 5128
834 693 899 758 280

326 872 354 938 b.
400 891 512 938 uenus
536 871 709 957 (neruus).

326 984 554 1065 Vocabulum,
590 984 682 1072 quod
715 990 767 1050 est
799 1006 896 1069 opens,
920 983 1001 1050 licet
1030 983 1182 1060 absolute
1207 985 1359 1071 positum
1387 1006 1459 1051 sae·

282 1099 360 1187 pius
388 1120 450 1186 pro
474 1098 641 1165 adiectivo
665 1097 796 1163 dictum
819 1097 1026 1179 inveniatur,
1052 1098 1188 1184 proprie
1213 1105 1329 1167 tamen
1355 1098 1459 1164 verbi

281 1212 391 1298 mendi
424 1211 643 1298 participium
678 1231 748 1276 esse
779 1210 850 1275 iam
889 1211 1000 1297 primo
1025 1211 1189 1297 adspectu
1214 1212 1459 1298 unusquisque

282 1325 417 1391 dixerit.
485 1324 576 1391 Ante
625 1323 756 1410 aliquot
801 1344 909 1390 anuos
955 1345 1035 1391 vero
1082 1324 1260 1410 Landgraf
1294 1323 1321 1410 1)
1355 1324 1459 1407 ¹Festi

281 1438 597 1524 interpretationem
630 1436 673 1503 ab
707 1436 879 1504 oblivione
927 1437 1125 1505 vindicavit.
1183 1438 1283 1504 Festo
1319 1438 1347 1503 si
1386 1459 1459 1504 cre-

281 1550 360 1616 dere
393 1551 444 1616 fas
477 1555 536 1632 est,
571 1572 660 1636 geris
692 1548 785 1616 idem
819 1557 869 1616 est
904 1551 996 1637 quod
1032 1573 1151 1636 caperis,
1191 1551 1213 1618 i.
1251 1573 1278 1618 e.
1315 1551 1373 1616 cui
1413 1574 1457 1618 ne

280 1685 364 1749 gens
399 1664 540 1751 quidem
572 1664 616 1730 sit
648 1663 792 1751 reliqua.
825 1663 851 1750 2)
897 1665 1080 1750 Landgraf,
1117 1665 1159 1731 de
1197 1664 1301 1732 verbo
1324 1686 1398 1750 coco
1424 1673 1458 1731 et

280 1778 322 1844 de
357 1777 569 1845 substantivo
603 1785 718 1864 egestus
750 1777 843 1844 idem
878 1777 1072 1865 perhibens,
1111 1777 1175 1844 hoc
1212 1777 1456 1844 condicionem

280 1891 429 1958 hominis
473 1913 491 1958 e
526 1891 635 1977 patria
671 1891 760 1978 pulsi
794 1891 944 1958 indicare
979 1893 1088 1978 putat,
1131 1890 1217 1956 illud
1250 1890 1343 1957 idem
1380 1913 1454 1958 esse

280 2011 381 2092 atque
420 2012 536 2086 „extra
569 2011 708 2090 gentem
743 2027 855 2071 meam
889 2005 999 2071 sum.''
1047 2005 1162 2084 Quem
1187 2004 1388 2091 opinionem
1414 2011 1454 2070 ut

278 2119 490 2204 argumentis
523 2117 711 2200 confirmet,
746 2117 862 2184 locum
895 2117 1013 2184 laudat
1049 2140 1067 2184 e
1107 2118 1207 2197 Livio
1243 2117 1302 2206 (ΙΙ,
1333 2119 1364 2200 6,
1391 2120 1450 2205 2);

281 2233 535 2320 „(Tarquinins)
570 2253 666 2298 orare
701 2253 865 2298 maxume
900 2232 1065 2299 Veientes
1100 2232 1451 2319 Tarquiniensesque,

277 2369 320 2413 ne
355 2368 389 2412 se
423 2369 457 2412 ec
491 2347 570 2432 ipsis
603 2351 726 2426 ortum,
760 2346 912 2412 eiusdem
936 2345 1123 2430 sanguinis,
1151 2351 1322 2411 extorrem
1346 2367 1451 2430 egen·

278 2466 348 2526 tem
383 2481 427 2526 ex
451 2465 544 2525 tanto
568 2458 670 2524 modo
694 2480 799 2544 regno
823 2480 903 2525 cum
927 2458 1042 2525 liberis
1066 2458 1342 2525 adulescentibus
1365 2467 1449 2526 ante

277 2572 392 2640 oculos
441 2594 519 2640 suos
554 2573 663 2660 perire
698 2572 881 2639 sinerent.'’
951 2573 993 2638 In
1030 2573 1234 2660 explicando
1271 2572 1337 2639 hoc
1371 2572 1449 2640 loco

276 2688 475 2772 interpretes
519 2687 608 2752 inter
639 2709 673 2752 se
707 2707 777 2752 non
811 2687 1038 2753 consentiunt.
1108 2687 1217 2753 Fuere
1253 2687 1313 2773 qui
1349 2708 1449 2754 voca-

275 2800 366 2868 bulis
397 2801 599 2888 permutatis
639 2806 826 2885 „egentem
851 2806 1024 2881 extorrem
1046 2823 1090 2867 ex
1126 2807 1221 2866 tanto
1246 2851 1254 2866 .
1280 2849 1287 2865 .
1312 2851 1319 2866 .
1345 2801 1376 2866 .''
1402 2801 1449 2867 le·

275 2915 428 3000 gendum
462 2921 648 2982 censerent.
694 2914 871 2999 Landgraf
904 2936 993 2992 vero,
1029 2920 1063 2980 et
1086 2915 1179 3001 quod
1203 2914 1342 3000 dempta
1366 2935 1448 2981 con·

274 3029 448 3096 iunctione
484 3028 644 3095 dissolute
683 3028 849 3108 dicantur,
885 3033 919 3093 et
953 3027 1045 3114 quod
1083 3027 1303 3108 „alliteratio”
1342 3028 1446 3116 (quae

275 3142 379 3228 vulgo
414 3142 552 3227 dicitur)
576 3142 688 3228 figura
710 3142 766 3208 hic
787 3141 901 3207 locum
925 3142 1059 3224 habeat,
1085 3141 1255 3209 vocabula
1280 3143 1447 3222 „extorris

274 3255 422 3340 exgens''
458 3277 501 3320 ex
525 3256 761 3342 antiquissimo
786 3277 941 3322 sermone
966 3256 1111 3322 oriunda
1134 3277 1204 3322 esse
1230 3256 1443 3343 suspicatur3

274 3370 359 3434 dum
393 3389 473 3436 vero
512 3375 663 3455 tempore
698 3370 901 3456 procedente
934 3369 1035 3435 modo
1059 3391 1120 3456 pro
1143 3391 1232 3455 geres
1254 3369 1358 3435 modo
1383 3392 1444 3458 pro

272 3483 402 3550 mmmm
436 3481 529 3548 aliud
569 3482 774 3550 vccabulum
810 3485 852 3550 sit
886 3483 1118 3560 substitutum,
1139 3483 1240 3576 ¹illud
1280 3484 1444 3564 „extorris

273 3596 396 3683 agens*
428 3595 536 3663 abisse
559 3596 596 3662 in
622 3619 745 3683 „egens
768 3597 870 3664 exul'
895 3597 986 3684 (Seu.
1011 3598 1101 3664 Med.
1120 3597 1186 3684 20),
1203 3597 1442 3682 „exulegens”

273 3710 381 3797 (Oros
416 3711 478 3793 IV,
514 3712 544 3794 5,
579 3713 625 3797 5),
663 3695 845 3798 „expulsus
879 3711 1002 3797 egens''
1038 3711 1119 3797 (eie.
1144 3712 1195 3777 De
1218 3711 1295 3776 Fin.
1318 3711 1365 3792 ΙΙ,
1391 3713 1441 3791 32,

273 3825 361 3912 105),
400 3824 500 3906 „exul
539 3825 703 3892 extorris”
727 3825 815 3908 (Liv.
840 3826 882 3906 V,
907 3826 959 3906 30,
987 3826 1032 3911 6),
1060 3823 1160 3905 „exul
1183 3823 1303 3912 inops”
1328 3823 1441 3910 (Ovid.

304 4021 324 4082 l)
359 4021 470 4070 Primum
495 4019 598 4070 breviter
623 4021 649 4070 in
678 4020 788 4079 editione,
814 4037 885 4084 quam
910 4021 1002 4085 paravit
1027 4021 1140 4070 orationis
1166 4036 1208 4086 pro
1225 4020 1311 4068 Roscio
1329 4020 1441 4069 Amerino

270 4109 333 4168 (pag.
359 4104 407 4158 178
426 4107 491 4170 seq),
509 4105 593 4154 deinde
610 4105 729 4170 copiosius
746 4105 772 4154 in
789 4104 916 4153 Wdlfflin's
933 4106 1023 4154 Archiv
1040 4107 1079 4154 fiir
1096 4104 1137 4155 lut.
1155 4105 1275 4168 lexiccgr.
1295 4121 1318 4153 u.
1337 4105 1441 4153 (drumm.

270 4186 326 4250 (VII
343 4202 396 4251 png.
414 4185 462 4240 art
481 4190 554 4252 seqq.)
571 4188 601 4237 de
617 4187 661 4236 hoc
678 4187 793 4237 voosbnlo
811 4188 950 4251 disputavit.

303 4270 322 4331 1)
356 4269 438 4318 Festus
464 4286 517 4334 pag.
546 4271 593 4323 77:
623 4271 749 4335 „Egens
777 4270 843 4319 velut
869 4287 961 4334 eugeus,
988 4272 1026 4320 cui
1046 4289 1074 4320 ne
1090 4288 1146 4336 gens
1163 4271 1259 4335 quidem
1276 4271 1309 4320 sit
1326 4269 1440 4334 relique.''

268 4353 376 4402 Isidorus
402 4352 494 4417 (Origg.
523 4353 552 4412 X,
576 4353 617 4415 88)
634 4354 696 4403 hauc
713 4354 893 4418 explicationem
912 4354 999 4404 iterans
1016 4355 1090 4404 dicit:
1109 4356 1204 4420 „ligeris
1224 4360 1247 4402 et
1264 4369 1362 4417 egenus,
1379 4359 1440 4402 extra

268 4440 376 4507 gentem,
394 4440 418 4486 ct
434 4436 486 4485 siue
504 4451 596 4501 genere,
613 4435 651 4485 vel
668 4437 749 4486 miuus
767 4437 900 4502 indigens.”
923 4427 928 4439 ⁸
