3122 5130
626 529 668 596 le

70 706 213 794 iniquior
246 705 358 773 fiebat.
404 707 517 786 Quare
556 709 745 789 „iuventus
779 730 866 795 quae
889 709 926 774 in
950 708 1040 793 agris
1063 729 1231 774 manuum

70 820 215 886 mercede
248 820 403 907 inopiam
425 820 638 902 toleraverat,
667 821 809 907 privatis
834 828 937 908 atque
963 820 1109 909 publicis
1132 815 1235 906 largi?

70 933 210 999 tionibus
222 935 334 1000 excita
346 934 519 1000 urbanum
532 935 641 1001 otium
653 936 788 1020 ingrato
801 934 910 1001 labori
922 934 1191 1022 (praeferebat)’'.
1208 932 1232 1020 1)

70 1047 162 1112 iustis
195 1048 236 1112 de
266 1049 377 1113 causis
399 1049 504 1133 igitur
528 1049 647 1115 Livius
671 1069 751 1114 cum
779 1049 930 1134 quadam
953 1049 1118 1115 sermonis
1142 1069 1233 1112 ama-

71 1161 208 1226 ritudine
244 1161 286 1226 de
321 1183 381 1226 suo
416 1160 570 1227 saeculo:
610 1161 738 1241 „simile
763 1163 835 1227 veri
859 1167 917 1242 est,
941 1162 1064 1248 inquit,
1090 1213 1232 1226 .....

49 1307 52 1314 =
71 1273 351 1340 innumerabilem
374 1275 632 1340 multitudinem
655 1273 842 1340 liberorum
855 1275 1007 1360 capitum
1020 1275 1057 1340 in
1071 1275 1119 1340 eis
1131 1275 1233 1340 fuisse

71 1387 152 1468 locis,
187 1409 276 1474 quae
299 1409 391 1453 nunc
415 1388 475 1454 vix
498 1389 681 1454 seminario
705 1389 830 1472 exiguo
854 1388 1004 1453 militum
1028 1388 1144 1454 relicto
1168 1410 1233 1453 ser·

71 1502 146 1566 vitia
167 1501 327 1567 Romana
349 1501 392 1566 ab
415 1501 596 1567 solitudine
620 1502 829 1567 vindicant.''
857 1500 883 1589 9)

110 1615 313 1702 Priusquam
346 1615 387 1680 de
422 1615 529 1680 libera
563 1637 598 1680 11
634 1615 772 1702 publica
802 1622 1015 1680 transeamus
1043 1615 1229 1682 11101111-

72 1728 158 1793 11111
179 1737 345 1815 tempora,
370 1750 440 1793 non
462 1729 645 1813 indignum
670 1729 757 1792 mihi
785 1729 921 1794 videtur
945 1728 1012 1792 duo
1037 1727 1233 1794 testimonia

72 1839 209 1924 laudare,
233 1841 382 1907 alterum
416 1842 542 1907 Tiberii
577 1842 732 1922 Gracchi,
768 1842 828 1928 qui
859 1841 967 1927 plebis
989 1840 1234 1924 condicionem,

74 1955 200 2039 qualem
233 1957 307 2042 ipse
338 1955 485 2035 videbat,
526 1955 562 2018 in
593 1956 686 2020 hunc
727 1955 869 2019 modum
904 1953 1076 2021 describit:
1110 1960 1152 2035 „tt
1174 1958 1236 2033 γὰρ

74 2065 195 2142 Τιβέριος
217 2112 405 2127 .......
439 2068 529 2126 ὁπέτε
561 2074 613 2126 τοῦ
650 2067 745 2143 δήμου
780 2075 822 2144 τώ
853 2065 976 2142 βήματι
1007 2063 1236 2145 περικεχυμένου

73 2171 220 2241 καταστὰς
242 2171 326 2246 λέγει
347 2171 411 2245 περὶ
432 2179 490 2230 τῶν
510 2174 642 2238 πενήτων
663 2172 711 2244 ὡς)
744 2171 783 2230 roi
804 2168 859 2247 μέν
880 2176 969 2245 θηρία
990 2170 1031 2229 τὰ
1041 2169 1096 2235 τὴν
1107 2171 1236 2229 Ἰταλίαν

75 2276 207 2352 νεμόμενα
245 2275 296 2338 καὶ
333 2274 443 2354 φωλεὸν
479 2274 540 2354 ’ἔχει
570 2277 618 2338 καὶ
648 2277 773 2337 κοιταῖόν
804 2273 883 2334 ἐστιν
914 2273 1008 2334 αὐτῶν
1039 2273 1158 2352 ἑκάστῳ
1188 2273 1237 2335 καὶ

75 2381 235 2456 κατάδυσις,
272 2390 334 2449 τοῖς
362 2377 473 2454 δ’1π1ρ
495 2389 549 2448 τῆς
571 2383 701 2450 Ἰταλίας
722 2380 905 2460 μαχομένοις
925 2380 973 2441 καὶ
994 2378 1237 2464 ἀποθνῄσκουσιν

74 2481 146 2557 ἀέρος
165 2486 212 2548 irai
232 2486 341 2565 φωτός,
363 2484 457 2543 ἄλλον
477 2485 504 2542 δ’
527 2481 637 2554 ottenis
659 2485 813 2560 μέτεστιν,
837 2483 907 2542 ἁλλ’
930 2484 1019 2546 ἄοικοι
1036 2483 1085 2546 καὶ
1096 2483 1238 2557 ἀνίδρυτοι

75 2589 145 2661 μετὰ
174 2589 292 2652 τέκνων
312 2594 482 2648 πλανῶνται
511 2589 560 2651 καὶ
589 2597 744 2664 γυναικών,
768 2594 792 2648 οἱ
813 2589 839 2648 δ’
852 2587 1070 2663 αὐτοκράτορες
1090 2587 1238 2667 ψεύδονται

73 2691 132 2760 τους
151 2694 341 2768 στρατιώτας
361 2691 390 2754 έν
408 2703 472 2762 ταῖς
491 2695 608 2772 μάχαις
630 2699 872 2768 παρακαλοῦντες
894 2690 966 2767 ὑπὲρ
986 2694 1085 2772 τάφων
1100 2691 1148 2754 καὶ
1159 2695 1237 2766 ἱερῶν

74 2793 230 2871 ἀμύνεσθαι
261 2797 331 2866 τοὺς
351 2803 521 2874 πολεμίους·
544 2797 631 2858 οὐδενὶ
652 2797 713 2874 γὰρ
734 2796 813 2858 ’ἐστιν
835 2795 866 2856 οὐ
886 2795 992 2873 βωμὸς
1013 2803 1163 2874 πατρῷος,
1186 2793 1236 2857 οἶοι

73 2899 138 2973 ἠρίον
157 2900 334 2978 προγονικὸν
354 2909 413 2960 τών
433 2903 582 2961 τοσούτων
606 2903 767 2978 Ῥωμαίων,
786 2901 857 2960 ἀλλ’
870 2897 942 2976 ι’νπέρ
955 2900 1117 2975 ἀλλοτρίας
1127 2907 1236 2979 τρυφῆς

71 3005 112 3064 ναὶ
130 3008 259 3067 πλούτου
283 3011 446 3082 πολεμοῦσι
467 3006 515 3068 καὶ
535 3007 772 3094 ἀποθνῄσκουσι,
795 3007 882 3080 κύριοι
904 3014 958 3074 τῆς
979 3004 1146 3082 οἰκουμένης
1169 2993 1236 3063 εἶναι

73 3109 227 3185 λεγόμενοι,
251 3116 323 3188 μίαν
344 3108 375 3171 δέ
395 3111 496 3184 βῶλον
514 3111 588 3170 ἰδίαν
610 3109 660 3174 οὐκ
681 3109 830 3191 έχοντες.”
845 3113 868 3187 ³)
900 3111 1059 3176 Alterum
1085 3111 1234 3175 testimo·

74 3221 161 3287 nium
192 3224 327 3290 Lucani
361 3230 479 3309 poetae
515 3231 564 3288 est
589 3219 646 3310 qui
670 3223 858 3307 imaginem
881 3226 1011 3290 Rornae
1038 3224 1169 3308 effingit
1193 3224 1233 3289 de

73 3335 136 3400 rita
157 3338 343 3402 hominum
366 3337 478 3402 media
502 3344 694 3423 sumptam:

156 3452 336 3536 „Namque
361 3457 399 3514 ut
422 3472 502 3536 opes
525 3451 655 3516 mundo
679 3450 803 3515 nimias
827 3451 980 3516 Fortuna
1006 3452 1145 3517 subacto

153 3564 288 3645 intulit,
312 3571 346 3629 et
369 3563 470 3629 rebus
494 3586 604 3630 mores
626 3586 752 3630 cessere
777 3565 944 3646 secundis,

75 3681 259 3693 *—

104 3724 192 3783 ι18111.
219 3727 273 3776 Cat.
300 3727 338 3785 37,
365 3727 387 3778 7.
414 3727 465 3775 Liv.
484 3727 556 3785 XXV,
574 3727 596 3785 1,
615 3728 629 3774 8
647 3730 761 3788 (11111111
780 3728 826 3776 541
845 3743 865 3775 1.
886 3743 908 3774 n.
926 3743 945 3774 c.
965 3747 990 3772 :
1008 3727 1055 3774 213
1073 3743 1094 3774 a.
1112 3725 1168 3774 Chr.
1186 3728 1236 3785 nl:

75 3809 178 3869 „Rustica
195 3811 272 3875 plebs,
295 3826 322 3858 ex
339 3808 437 3858 incultis
454 3810 547 3858 diutino
563 3809 627 3858 bello
644 3810 781 3875 infestisque
797 3810 860 3873 agris
875 3813 973 3872 egestate
990 3813 1013 3857 et
1030 3813 1094 3857 metu
1112 3809 1137 3855 111
1155 3807 1237 3855 urbem

76 3896 203 3960 conpulsa''.
230 3899 333 3964 Appian.
352 3899 379 3946 B.
397 3899 424 3947 c.
442 3899 475 3957 11,
495 3899 558 3947 120:
578 3893 628 3962 ,τό
649 3911 684 3951 τε
704 3891 868 3965 σιτηρέσιον
890 3900 950 3959 τοῖς
970 3890 1072 3960 πένησι
1092 3889 1238 3969 χορηγού-

77 4007 155 4060 μενον
185 3986 215 4049 έν
236 3990 312 4075 μόνη
336 3987 437 4074 Ῥώμη
457 3982 509 4046 τὸν
529 3983 622 4062 ἁργόν
643 3988 691 4049 καὶ
711 3988 908 4066 πτωχεύοντα
928 3986 976 4049 καὶ
996 3983 1165 4065 ταχυεργὸν
1185 3995 1239 4055 τῆς

78 4083 204 4155 Ἰταλίας
226 4083 301 4144 λεών
322 4081 350 4153 ές
371 4083 425 4149 τὴν
449 4083 566 4159 Ῥώμην
586 4080 763 4157 έπάγεται.”
799 4089 834 4138 Cf,
853 4089 925 4137 etiam
943 4090 1007 4137 Suet.
1025 4090 1086 4152 Aug.
1105 4089 1145 4136 42.

105 4179 122 4240 ²)
138 4182 191 4231 Liv.
209 4183 254 4241 VI,
274 4182 313 4240 12,
332 4183 353 4229 5.

105 4263 127 4328 ³)
143 4265 206 4314 Plut.
225 4264 396 4314 1111111111,
415 4266 437 4321 9,
456 4268 479 4314 4.
1127 4329 1149 4392 4
