3084 5128
860 625 924 692 248

302 803 512 872 Traianum:
539 804 628 885 „Qui
650 802 787 873 virilem
811 809 926 889 togam
952 809 1096 871 sumunt
1119 804 1174 872 vel
1194 807 1334 894 nuptias
1345 807 1467 874 faciunt
1534 805 1535 844 ³

303 915 356 984 vel
392 918 513 984 ineunt
548 918 786 1004 magistratum
822 917 876 984 vel
912 938 997 1005 opus
1028 916 1208 1005 publicum
1232 919 1467 1002 dedicantes
1534 953 1535 958 ¹

302 1029 374 1099 lent
409 1038 515 1098 totam
554 1031 655 1098 bulen
692 1038 794 1118 atque
833 1031 980 1097 etiams
1005 1030 1103 1119 plebe
1129 1034 1388 1120 nonexiguum
1411 1056 1467 1098 nu·
1534 1035 1535 1072 3

303 1167 437 1212 merum
461 1167 581 1214 vocare
606 1144 771 1232 binosque
796 1144 952 1211 denarios
976 1144 1031 1213 vel
1058 1145 1211 1231 singulos
1235 1147 1327 1214 dare.
1373 1147 1466 1227 Quod
1531 1163 1535 1168 ·’

302 1281 346 1325 an
392 1258 636 1326 celebrandum
682 1263 715 1324 et
750 1265 919 1343 quatenus
954 1265 1052 1346 putes
1086 1281 1167 1346 rogo
1202 1260 1339 1328 scribas.
1394 1261 1465 1347 lpse
1534 1281 1535 1308 1

302 1373 396 1439 enim
429 1373 516 1439 sicut
539 1371 693 1453 arbitror,
718 1371 917 1458 praesertim
941 1393 984 1438 ex
1008 1372 1231 1439 sollemnibus
1255 1374 1376 1456 causis,
1393 1395 1465 1441 oon·
1534 1363 1535 1366 ¹

302 1487 469 1553 cedendas
503 1507 573 1552 esse
607 1485 835 1566 invitationes
870 1485 918 1551 ita
951 1501 1069 1553 vereor
1090 1500 1136 1553 'ne
1159 1487 1185 1552 ii
1209 1487 1269 1574 qui
1294 1487 1387 1572 mille
1410 1489 1464 1554 ho·
1534 1541 1535 1556 2

301 1601 420 1682 mines,
456 1600 631 1666 interdum
666 1600 770 1666 etiam
796 1599 911 1687 plures
937 1607 1060 1666 vocant
1084 1602 1227 1668 modum
1250 1603 1413 1669 excedere
1435 1608 1465 1668 et
1532 1621 1535 1640 .

300 1715 337 1781 in
371 1715 518 1801 speciem
554 1715 730 1780 dianomes
762 1714 912 1780 incidere
948 1714 1161 1781 videantur.''
1197 1714 1221 1802 ¹)
1269 1715 1464 1782 Occasiones

301 1828 398 1895 facile
421 1829 643 1917 multiplicari
666 1835 816 1916 possunt.
859 1829 995 1896 -Divites
1008 1829 1158 1917 quidem,
1173 1829 1234 1915 qui
1246 1829 1302 1897 vel
1314 1830 1462 1918 ipsorum

301 1942 355 2009 vel
400 1943 583 2030 propinqui
628 1942 807 2009 cuiusdam
857 1942 911 2010 vel
950 1943 1163 2030 imperatoris
1198 1943 1350 2010 natalem
1385 1943 1463 2010 cele·
1534 1949 1535 2036 j

301 2056 455 2138 brabant,
495 2059 556 2144 qui
590 2056 758 2122 defunctis
792 2057 945 2141 cognatis
978 2063 1157 2143 parentare
1192 2056 1385 2139 studebant,
1409 2057 1463 2143 qni
1534 2049 1535 2054 ’

300 2192 442 2236 munere
478 2170 627 2257 quodam
650 2169 892 2256 fungebantur,
917 2170 1042 2256 quibus
1064 2170 1176 2257 patria
1199 2176 1349 2236 statuam
1371 2187 1464 2258 posu·

217 2303 221 2314 ’
300 2291 382 2366 erat,
421 2285 483 2350 hos
521 2305 639 2350 omnes
677 2285 871 2371 saepissime
906 2284 950 2350 ad
983 2284 1123 2370 epulum
1161 2283 1341 2371 publicum
1375 2284 1464 2371 oppi-
1534 2301 1535 2364 j

300 2399 407 2464 denos
441 2419 575 2464 vocasse
611 2396 664 2464 vel
688 2399 809 2464 iisdem
833 2398 1001 2485 sportulas
1024 2398 1177 2464 divisisse
1200 2404 1342 2465 constat.
1390 2399 1462 2464 Non
1534 2379 1535 2390 ¹

299 2534 376 2578 raro
412 2533 548 2600 quoque
587 2518 704 2578 contra
738 2512 850 2592 fiebat,
888 2518 925 2576 ut
959 2518 1071 2578 statua
1104 2518 1290 2598 poneretur
1326 2512 1376 2593 iis,
1409 2511 1464 2598 qui

299 2625 419 2712 epulis,
466 2626 634 2712 sportulis,
670 2627 851 2710 congiariis
886 2624 1016 2706 dandis,
1051 2625 1198 2712 publicis
1226 2626 1387 2712 operibus
1421 2627 1463 2690 la·
1534 2619 1535 2639 ²

300 2740 437 2820 ciendis
473 2738 641 2806 similibus
675 2739 716 2805 de
751 2739 885 2805 civibus
919 2739 988 2805 suis
1025 2738 1110 2804 bene
1147 2739 1261 2805 meriti
1296 2745 1416 2806 essent.
1441 2737 1464 2824 ²)

299 2855 389 2920 Ludi
425 2876 572 2941 quoque,
609 2852 733 2939 quibus
757 2861 790 2919 et
812 2853 894 2940 ipsis
917 2852 1073 2918 liberales
1098 2853 1163 2920 viri
1186 2852 1356 2939 populum
1380 2851 1464 2919 dele·
1534 2861 1535 2930 f

299 2976 390 3036 ctare
415 2967 577 3048 solebant,
602 2967 841 3035 conviviorum
854 2966 1007 3053 amplam
1018 2966 1231 3033 occasionem
1245 2966 1461 3053 praebebant.
1534 3027 1535 3050 ,

299 3083 398 3150 Tales
432 3082 552 3169 epulae
586 3088 619 3146 et
643 3087 830 3168 quaesunt
854 3081 988 3166 generis
1011 3081 1164 3146 eiusdem
1185 3086 1245 3146 aut
1268 3081 1375 3147 semel
1398 3087 1465 3146 tan·
1534 3115 1535 3152 3

299 3204 374 3262 tum
408 3202 493 3261 stato
529 3195 582 3260 die
606 3195 822 3262 habebantur
845 3201 905 3260 aut
929 3195 1121 3282 quotannis,
1146 3201 1185 3259 ut
1208 3193 1251 3260 ad
1274 3193 1464 3261 demortuo

299 3332 379 3376 rum
413 3309 589 3391 honorem,
625 3309 888 3378 renovabantur.
924 3306 950 3396 8)
996 3309 1096 3388 Quod
1131 3316 1169 3374 ut
1203 3308 1300 3374 fieret
1334 3309 1466 3396 saepius

333 3531 352 3592 ¹)
386 3531 413 3579 G.
436 3529 501 3578 Plini
519 3533 542 3580 st
557 3530 653 3580 Traiani
671 3530 746 3596 Epist.
766 3531 813 3580 lld
831 3531 906 3592 (117).
940 3530 1017 3580 Plinii
1034 3530 1119 3580 litteris
1136 3546 1150 3578 a
1167 3529 1267 3578 Traiano
1284 3529 1342 3578 haec
1360 3529 1467 3594 rescripta

299 3618 356 3664 sunt
381 3613 467 3680 (spic.
491 3614 538 3666 117
556 3613 657 3674 ulan:
676 3615 778 3679 „Merito
796 3615 882 3663 vereris
899 3631 929 3662 ne
946 3614 971 3663 in
989 3614 1089 3678 speciem
1106 3614 1229 3662 dianomes
1244 3613 1336 3662 incidat
1353 3591 1467 3668 invitatio,

298 3715 358 3764 quae
383 3703 406 3748 et
431 3698 457 3746 in
483 3714 581 3747 numero
606 3699 704 3747 modum
729 3698 819 3747 excedit
839 3703 863 3746 et
882 3698 949 3762 quasi
968 3713 1008 3762 per
1022 3688 1125 3762 corpora,
1143 3713 1190 3745 non
1208 3696 1301 3745 viritim
1319 3696 1427 3761 singulos
1442 3709 1467 3742 ar

299 3783 391 3843 notitia,
417 3784 446 3833 ad
472 3782 598 3831 sollemnes
621 3781 737 3847 sportulas
763 3782 887 3831 contrahit.
912 3782 957 3830 Sed
979 3797 1022 3844 ego
1043 3781 1095 3830 ideo
1112 3780 1262 3846 prudentiam
1279 3784 1348 3829 tuam
1365 3781 1424 3844 elegi
1441 3783 1466 3826 ut

298 3854 428 3916 formandis
446 3866 514 3915 istius
532 3865 666 3930 provinciae
683 3864 788 3914 moribus
806 3865 856 3929 ipse
873 3865 1026 3914 moderareris
1042 3868 1065 3914 et
1082 3880 1108 3913 ea
1125 3864 1277 3912 constitueres
1295 3880 1356 3927 quae
1373 3865 1402 3914 ad
1419 3877 1466 3928 per·

299 3955 394 4014 petuam
408 3949 458 3998 eius
475 3950 611 4014 provinciae
628 3949 730 4013 quietem
747 3951 823 3997 essent
840 3947 985 4013 prolatura.”

331 4033 352 4094 ²)
386 4033 423 4082 Gi.
440 4033 528 4082 Friedl.
546 4033 563 4082 l.
582 4032 598 4082 l.
616 4048 668 4097 pag.
687 4033 743 4085 257.

333 4115 353 4178 ³)
387 4116 458 4165 Varia
483 4115 590 4180 exempla
617 4116 646 4164 ad
671 4115 753 4164 urbem
770 4117 867 4164 Romam
890 4119 912 4164 et
932 4115 962 4163 ad
981 4114 1111 4178 municipia
1127 4113 1270 4179 pertinentia
1287 4113 1391 4163 contulit
1407 4113 1467 4161 Mar-

299 4199 387 4264 quardt
415 4198 443 4262 (l.
468 4198 486 4249 l.
513 4216 565 4264 pag.
593 4199 641 4248 208
667 4201 721 4248 adn.
748 4200 762 4246 9
788 4204 811 4248 et
837 4199 878 4259 10)
903 4216 916 4247 e
944 4197 1083 4256 wilmarius,
1101 4197 1214 4262 Exempla
1231 4197 1307 4246 Inscr.
1324 4197 1374 4246 Lat.
1404 4194 1468 4245 Illud

299 4284 410 4333 odiosam
436 4287 479 4341 est,
504 4284 568 4348 qnod
593 4283 669 4332 adhuc
693 4299 741 4332 non
769 4299 850 4332 omues
875 4282 985 4347 Corporis
1010 4281 1196 4346 Inscriptionam
1219 4281 1360 4330 Latinarum
1377 4280 1468 4329 Indices

298 4367 380 4418 ambri
402 4371 466 4418 sunt.
500 4366 671 4416 Desiderantur
688 4382 742 4416 cum
760 4366 861 4416 maxime
878 4366 1014 4416 voluminis
1032 4365 1090 4414 sexti
1107 4364 1207 4423 Indices,
1225 4364 1396 4430 Inscriptiones
1406 4361 1468 4412 urbis
