3040 5134
844 647 907 712 124

239 816 241 820 ’
290 821 491 906 efflagitatas
511 820 613 888 fuisse
636 821 792 907 legimus.
820 822 844 910 ¹)
889 823 999 910 quue
1023 845 1093 889 non
1117 825 1352 890 tantummodo
1372 846 1438 890 cum

289 935 326 1000 in
359 935 469 1002 lentos
493 935 694 1002 infitiatores
717 943 789 1002 tam
811 938 963 1022 graviter
987 936 1202 1005 saeviebatur
1226 960 1329 1025 quam
1352 958 1439 1023 supra

291 1049 428 1135 scripsi;
453 1048 479 1136 ²)
524 1048 583 1115 sed
612 1050 716 1116 etiam
739 1056 920 1137 postquam
945 1073 1036 1116 anno
1060 1073 1089 1116 a.
1114 1073 1147 1117 u.
1172 1073 1200 1117 c.
1226 1052 1289 1116 428
1313 1050 1353 1137 (a.
1374 1051 1439 1116 Chr.

290 1184 324 1228 n.
360 1163 438 1249 326)
471 1161 498 1249 ⁸)
525 1162 657 1249 „plebei
692 1164 870 1230 Romanae
896 1164 991 1231 velut
1014 1164 1109 1229 aliud
1132 1165 1273 1230 initium
1296 1163 1440 1230 libertatis

290 1275 420 1342 factum
432 1277 512 1342 est.''
548 1277 646 1342 Tunc
658 1277 752 1342 enim
763 1316 807 1326 -
820 1277 981 1343 omnibus
992 1283 1073 1343 nota
1092 1276 1150 1343 lex
1163 1283 1223 1358 est,
1238 1300 1323 1365 quae
1336 1278 1441 1343 dicitur

289 1389 441 1455 Poetelia
474 1389 612 1475 Papiria
643 1427 684 1438 —
713 1390 831 1470 „iussi
854 1391 1009 1457 consules
1032 1392 1119 1456 ferre
1144 1392 1187 1457 ad
1210 1391 1382 1478 populum,
1403 1411 1436 1453 ne

292 1502 377 1588 quis,
409 1502 475 1566 nisi
506 1502 566 1589 qui
601 1525 730 1569 noxam
762 1504 951 1585 meruisset,
977 1504 1084 1570 donec
1109 1526 1258 1591 poenam
1281 1505 1391 1583 lueret,
1411 1502 1441 1566 in

290 1614 500 1701 conpedibus
528 1622 587 1681 aut
610 1616 647 1680 in
670 1639 776 1683 nervo
800 1624 993 1698 teneretur;
1019 1618 1184 1705 pecuniae
1205 1618 1352 1683 creditae
1365 1616 1441 1681 bona

290 1727 462 1809 debitoris
498 1750 567 1794 non
601 1751 724 1817 corpus
757 1731 948 1797 obnoxium
971 1732 1087 1797 esset.''
1113 1731 1139 1818 4)
1186 1731 1234 1796 At
1257 1729 1439 1796 turbulento

291 1842 508 1928 potissimum
530 1842 589 1909 illo
613 1845 748 1910 saeculo
773 1845 865 1931 quod
886 1845 1070 1910 Caesarum
1086 1844 1319 1930 principatum
1334 1841 1442 1920 attulit,

291 1955 522 2022 multitudinis
558 1957 666 2022 animi
700 1957 743 2022 ad
775 1957 971 2023 tabularum
1006 1979 1174 2023 novarum
1205 1978 1300 2043 spem
1323 1954 1443 2022 exarde-

292 2069 440 2136 scebant.
466 2073 490 2157 ⁵)

333 2183 489 2250 Breviter
511 2184 831 2251 commemorandae
856 2190 936 2250 sunt
959 2185 1162 2271 praecipuae
1186 2185 1279 2269 leges
1301 2184 1340 2249 ad
1364 2183 1442 2246 hunc
1510 2209 1511 2274 q

290 2296 405 2363 locum
428 2297 646 2384 pertinentes
1510 2275 1511 2282 ἵ

336 2408 440 2475 Anno
477 2409 540 2476 377
577 2411 726 2491 „tribuni
750 2413 787 2478 C.
811 2412 964 2478 Licinius
986 2418 1020 2478 et
1042 2413 1080 2478 L.
1105 2411 1242 2477 Sextius
1265 2407 1442 2498 promulga-

292 2545 371 2590 vere
394 2523 487 2608 leges
509 2545 628 2590 omnes
651 2525 814 2593 adversus
837 2547 917 2612 opes
940 2525 1165 2613 patriciorum
1187 2531 1221 2590 et
1239 2545 1301 2611 pro
1313 2540 1444 2589 commo

328 2701 345 2762 ¹)
379 2703 412 2751 Ut
428 2719 483 2751 cnm
500 2704 567 2768 plebs
584 2705 610 2752 in
628 2709 731 2754 montem
748 2722 840 2754 sacrum
860 2707 998 2762 secessisset,
1017 2705 1080 2770 plebi
1098 2704 1192 2753 tabulae
1210 2720 1284 2753 novae
1297 2702 1446 2752 indulsaeessc
1509 2724 1510 2764 l

292 2787 406 2842 seruntur,
424 2788 552 2835 dnmmodo
569 2788 594 2836 in
612 2789 693 2837 urbem
711 2790 820 2838 redirent.
839 2791 875 2838 Cf.
895 2791 965 2838 Dion.
984 2789 1062 2837 Halia.
1078 2789 1118 2848 Vl,
1136 2789 1176 2845 83,
1186 2791 1210 2846 4,
1221 2790 1244 2836 5.
1281 2788 1446 2836 Videturtamen
1509 2787 1510 2856 l

292 2886 341 2917 esse
358 2871 410 2918 ficta
427 2871 547 2919 memoria.
566 2871 602 2920 Cf.
621 2871 692 2935 Voigt
708 2873 780 2936 Leges
798 2873 882 2936 Regiae
899 2890 950 2937 pag.
970 2874 1026 2921 184.

326 2953 345 3011 ²)
378 2969 430 3017 pag.
449 2953 480 3001 38
498 2970 561 3018 seqq.

325 3035 344 3096 ³)
379 3037 463 3084 Annus
493 3053 541 3085 non
567 3041 663 3086 constat.
690 3039 739 3100 Ego
765 3055 818 3086 curn
845 3038 962 3102 plerisque
988 3039 1084 3086 Livium
1111 3043 1204 3086 secutus
1230 3053 1291 3085 sum.
1309 3037 1343 3084 Ex
1360 3033 1447 3083 aliorum

292 3119 403 3183 opinione
420 3123 468 3168 erat
485 3137 505 3167 a.
524 3136 547 3167 u.
566 3136 585 3167 c.
601 3119 647 3166 441
667 3126 695 3181 (a.
715 3121 770 3168 Chr.
788 3138 812 3169 n.
831 3121 897 3180 313).

326 3202 346 3261 4)
379 3202 432 3250 Liv.
450 3202 517 3258 VIII,
535 3203 575 3252 28.

327 3286 345 3343 ι)
380 3285 488 3341 Roseher‚
514 3286 574 3349 Syst.
602 3286 623 3335 d.
651 3286 853 3346 Vollrswirthsch„
880 3288 913 3336 1¹⁸
932 3304 983 3352 pag.
1006 3288 1068 3335 182:
1097 3285 1214 3351 „Tabulae
1232 3302 1305 3334 novae
1321 3286 1360 3333 des
1376 3283 1448 3332 cinna,

293 3367 405 3425 Catilina,
423 3367 524 3427 Caelius,
536 3368 674 3417 Dolabella:
693 3370 727 3418 aie
743 3386 820 3419 waren
838 3371 1005 3434 vorzugsweise
1022 3372 1064 3418 aus
1079 3369 1253 3432 rechtsuidrige
1269 3369 1405 3430 Entlaatnng
1416 3366 1449 3412 das

293 3450 337 3498 mit
353 3451 466 3498 lremdem
485 3452 593 3515 Kapitnle
610 3453 729 3500 erlauften
748 3454 980 3517 Grnndeigenthurns
997 3453 1127 3501 berechnet.
1146 3449 1449 3512 lei0.1)e0ff.11,23.)”—

293 3532 363 3596 Voigt
387 3533 413 3581 in
431 3534 473 3582 Iw.
491 3551 513 3582 v.
532 3535 588 3583 M.'s
606 3535 700 3584 Handb.
719 3537 758 3593 IV,
778 3536 812 3594 2²,
830 3552 881 3600 pag.
900 3537 964 3584 361:
985 3537 1075 3600 „Uatcr
1093 3536 1145 3583 dem
1160 3535 1386 3583 Zusammenwirlren
1401 3529 1450 3579 aller

290 3614 359 3677 jener
377 3616 536 3665 Varlr'altnisse
552 3634 601 3666 nun
621 3619 769 3667 entwiclrelte
786 3619 837 3667 sich
855 3620 892 3667 die
910 3635 955 3667 von
973 3620 1013 3666 der
1031 3619 1122 3666 Vorzeit
1139 3617 1287 3665 iiberlieferte
1300 3615 1450 3673 sozialel'rage

292 3699 338 3747 mit
353 3699 421 3747 ihren
437 3701 584 3764 agrarischen
602 3702 776 3765 Bestrebungen
787 3719 815 3750 zu
826 3703 875 3750 rein
885 3703 1113 3750 kornmunistischen
1123 3702 1269 3758 Tendcnzen‚
1279 3700 1365 3748 welche
1374 3691 1449 3746 sowohl

293 3782 332 3830 die
356 3782 524 3847 Burgerkriege
541 3785 589 3832 und
604 3786 691 3834 diteren
709 3785 822 3833 Revolten
841 3790 1018 3842 unterstiitzten,
1036 3785 1071 3832 als
1088 3784 1148 3831 auch
1165 3784 1190 3831 in
1209 3784 1253 3831 den
1272 3783 1449 3841 Aulorderungen

294 3865 336 3913 anf
350 3867 412 3928 leyen
423 3867 609 3930 frumentariae,
626 3868 671 3916 wie
686 3869 717 3916 de
733 3869 801 3916 navia
818 3869 905 3916 tabulis
923 3868 971 3916 und
988 3869 1018 3915 de
1033 3868 1133 3915 mercede
1146 3866 1317 3914 habitationum
1326 3858 1449 3914 remittenda

294 3947 478 3997 hervortraten.”
497 3977 527 3986 -
546 3950 581 3998 De
598 3951 772 4014 antiquioribus
790 3951 898 3999 consiliis
915 3951 994 3998 minus
1012 3951 1080 3998 senile
1098 3950 1199 3998 indicare
1215 3965 1348 4013 possumus.
1381 3947 1411 3994 Dc
1425 3940 1449 3988 iifl

296 4029 408 4080 Momms.
435 4031 463 4080 R.
482 4032 510 4080 G.
528 4033 552 4080 ΙΒ
568 4049 620 4097 pag.
638 4033 687 4081 302
705 4050 769 4097 seq:
789 4034 867 4098 „Eher
884 4033 952 4082 liesse
970 4034 1020 4081 sich
1038 4033 1175 4095 umgelrehrt
1191 4033 1280 4095 fragen,
1298 4032 1327 4080 ob
1345 4029 1404 4078 nicht
1419 4023 1449 4071 dlv

294 4113 412 4163 schlcchte
433 4114 575 4178 Demagogie
600 4116 650 4164 sich
667 4117 757 4165 damals
775 4117 846 4165 sehon
864 4117 938 4164 dieser
956 4116 1140 4180 Angelegenheit
1157 4115 1300 4178 bem‘stchtigt
1316 4113 1395 4178 gehabt
1410 4104 1448 4155 und
1506 4142 1507 4188 ἶ

295 4196 325 4246 ob
350 4213 375 4245 es
400 4196 509 4246 wirlrlich
531 4214 557 4246 so
573 4199 732 4261 gewaltsamer
750 4201 798 4247 und
815 4199 970 4262 gafahrlicher
987 4199 1067 4247 Mittel
1085 4200 1179 4247 bednrlt
1195 4198 1262 4256 habe,
1280 4199 1324 4244 wie
1340 4213 1390 4244 zum
1405 4188 1448 4240 Bei-

295 4278 355 4344 spiel
372 4279 410 4328 die
427 4280 540 4344 Kiirzung
556 4281 597 4329 der
612 4282 734 4344 gezahlten
751 4283 836 4330 Zinsen
854 4298 892 4330 am
911 4281 1002 4346 Capital
1021 4283 1059 4330 ist.
1094 4283 1183 4330 Unsere
1200 4282 1275 4329 Acten
1293 4280 1383 4329 reichcn
1395 4271 1448 4324 nicht

294 4378 344 4422 aus,
361 4378 403 4413 um
419 4362 470 4414 hier
486 4363 544 4414 fiber
559 4363 634 4414 ment
651 4366 701 4415 und
717 4365 824 4414 Uarecht
839 4381 869 4415 zu
885 4363 1058 4416 catacheiden.'¹
