<?xml version="1.0" encoding="UTF-8"?>
<!DOCTYPE html PUBLIC "-//W3C//DTD XHTML 1.0 Transitional//EN"
    "http://www.w3.org/TR/xhtml1/DTD/xhtml1-transitional.dtd">
<html xmlns="http://www.w3.org/1999/xhtml" xml:lang="en" lang="en">
 <head>
  <title>
</title>
<meta http-equiv="Content-Type" content="text/html;charset=utf-8" />
  <meta name='ocr-system' content='tesseract 3.04.00' />
  <meta name='ocr-capabilities' content='ocr_page ocr_carea ocr_par ocr_line ocrx_word'/>
</head>
<body>
  <div class='ocr_page' id='page_1' title='image "./depauperumcuraa01essegoog_0112.png"; bbox 0 0 3040 5134; ppageno 0'>
   <div class='ocr_carea' id='block_1_1' title="bbox 578 567 639 640">
    <p class='ocr_par' dir='ltr' id='par_1_1' title="bbox 578 567 639 640">
     <span class='ocr_line' id='line_1_1' title="bbox 578 567 639 640; baseline 0 0"><span class='ocrx_word' id='word_1_1' title='bbox 578 567 639 640; x_wconf 65' lang='lat'><strong>*91</strong></span> 
     </span>
    </p>
   </div>
   <div class='ocr_carea' id='block_1_2' title="bbox 71 745 1199 827">
    <p class='ocr_par' dir='ltr' id='par_1_2' title="bbox 71 745 1199 827">
     <span class='ocr_line' id='line_1_2' title="bbox 71 745 1199 827; baseline 0.001 -17"><span class='ocrx_word' id='word_1_2' title='bbox 71 745 168 824; x_wconf 78' lang='lat' dir='ltr'><strong>Quae</strong></span> <span class='ocrx_word' id='word_1_3' title='bbox 193 747 342 814; x_wconf 86' lang='lat' dir='ltr'><strong>Gracchi</strong></span> <span class='ocrx_word' id='word_1_4' title='bbox 363 749 583 818; x_wconf 80' lang='lat' dir='ltr'><strong>instituerant</strong></span> <span class='ocrx_word' id='word_1_5' title='bbox 605 752 692 819; x_wconf 85' lang='lat' dir='ltr'><strong>Gaio</strong></span> <span class='ocrx_word' id='word_1_6' title='bbox 716 751 825 818; x_wconf 88' lang='lat' dir='ltr'><strong>occiso</strong></span> <span class='ocrx_word' id='word_1_7' title='bbox 843 772 925 817; x_wconf 87' lang='lat' dir='ltr'><strong>mex</strong></span> <span class='ocrx_word' id='word_1_8' title='bbox 950 747 1084 815; x_wconf 83' lang='lat' dir='ltr'><strong>sublata</strong></span> <span class='ocrx_word' id='word_1_9' title='bbox 1111 751 1199 827; x_wconf 90' lang='lat' dir='ltr'><strong>sunt,</strong></span> 
     </span>
    </p>
   </div>
   <div class='ocr_carea' id='block_1_3' title="bbox 29 858 1209 3550">
    <p class='ocr_par' dir='ltr' id='par_1_3' title="bbox 29 858 1209 3550">
     <span class='ocr_line' id='line_1_3' title="bbox 30 858 1198 952; baseline 0.003 -30"><span class='ocrx_word' id='word_1_10' title='bbox 30 858 123 924; x_wconf 90' lang='lat' dir='ltr'><strong>cuius</strong></span> <span class='ocrx_word' id='word_1_11' title='bbox 146 860 200 926; x_wconf 90' lang='lat' dir='ltr'><strong>rei</strong></span> <span class='ocrx_word' id='word_1_12' title='bbox 224 863 389 928; x_wconf 87' lang='lat' dir='ltr'><strong>memoria</strong></span> <span class='ocrx_word' id='word_1_13' title='bbox 411 862 587 932; x_wconf 90' lang='lat' dir='ltr'><strong>invenitur</strong></span> <span class='ocrx_word' id='word_1_14' title='bbox 607 865 700 952; x_wconf 86' lang='lat' dir='ltr'><strong>apud</strong></span> <span class='ocrx_word' id='word_1_15' title='bbox 712 865 932 951; x_wconf 85' lang='lat' dir='ltr'><strong>Appianum:</strong></span> <span class='ocrx_word' id='word_1_16' title='bbox 963 869 1029 938; x_wconf 69' lang='grc' dir='ltr'><em>,ικαὶ</em></span> <span class='ocrx_word' id='word_1_17' title='bbox 1054 869 1198 936; x_wconf 84' lang='grc' dir='ltr'><em>ὴστὰαις</em></span> 
     </span>
     <span class='ocr_line' id='line_1_4' title="bbox 29 970 1200 1056; baseline -0.006 -20"><span class='ocrx_word' id='word_1_18' title='bbox 29 972 120 1036; x_wconf 71' lang='grc' dir='ltr'><em>ἢτοῦ</em></span> <span class='ocrx_word' id='word_1_19' title='bbox 143 971 281 1048; x_wconf 78' lang='grc' dir='ltr'><strong>δευτέρου</strong></span> <span class='ocrx_word' id='word_1_20' title='bbox 306 973 449 1056; x_wconf 86' lang='grc' dir='ltr'><em>Γράκχου</em></span> <span class='ocrx_word' id='word_1_21' title='bbox 474 973 503 1046; x_wconf 85' lang='grc' dir='ltr'><strong>ές</strong></span> <span class='ocrx_word' id='word_1_22' title='bbox 529 977 604 1037; x_wconf 88' lang='grc' dir='ltr'><em>τάδε</em></span> <span class='ocrx_word' id='word_1_23' title='bbox 633 975 734 1052; x_wconf 85' lang='grc' dir='ltr'><em>ἔληγε·</em></span> <span class='ocrx_word' id='word_1_24' title='bbox 765 977 855 1052; x_wconf 82' lang='grc' dir='ltr'><em>νόμος</em></span> <span class='ocrx_word' id='word_1_25' title='bbox 875 997 909 1036; x_wconf 85' lang='grc' dir='ltr'><strong>τε</strong></span> <span class='ocrx_word' id='word_1_26' title='bbox 929 972 960 1034; x_wconf 84' lang='grc' dir='ltr'><em>οίι</em></span> <span class='ocrx_word' id='word_1_27' title='bbox 980 972 1058 1034; x_wconf 74' lang='grc' dir='ltr'><em>πολι)</em></span> <span class='ocrx_word' id='word_1_28' title='bbox 1078 970 1200 1046; x_wconf 73' lang='grc' dir='ltr'><em>ὕστερον</em></span> 
     </span>
     <span class='ocr_line' id='line_1_5' title="bbox 29 1071 1201 1161; baseline 0.001 -27"><span class='ocrx_word' id='word_1_29' title='bbox 29 1073 169 1152; x_wconf 78' lang='grc' dir='ltr'><em>ἐκυρώθη,</em></span> <span class='ocrx_word' id='word_1_30' title='bbox 192 1075 248 1144; x_wconf 83' lang='grc' dir='ltr'><em>τὴν</em></span> <span class='ocrx_word' id='word_1_31' title='bbox 266 1085 333 1152; x_wconf 83' lang='grc' dir='ltr'><em>γῆν,</em></span> <span class='ocrx_word' id='word_1_32' title='bbox 354 1076 427 1154; x_wconf 80' lang='grc' dir='ltr'><em>ὑπέρ</em></span> <span class='ocrx_word' id='word_1_33' title='bbox 447 1071 481 1149; x_wconf 77' lang='grc' dir='ltr'><strong>ἧς</strong></span> <span class='ocrx_word' id='word_1_34' title='bbox 501 1079 673 1159; x_wconf 88' lang='grc' dir='ltr'><em>διεφέροντο,</em></span> <span class='ocrx_word' id='word_1_35' title='bbox 694 1079 795 1161; x_wconf 74' lang='grc' dir='ltr'><em>ἐξεῖναι</em></span> <span class='ocrx_word' id='word_1_36' title='bbox 816 1081 993 1155; x_wconf 70' lang='grc' dir='ltr'><strong><em>πιπράσκειν</em></strong></span> <span class='ocrx_word' id='word_1_37' title='bbox 1004 1074 1201 1156; x_wconf 82' lang='grc' dir='ltr'><em>τοῖςέχουσιν·</em></span> 
     </span>
     <span class='ocr_line' id='line_1_6' title="bbox 32 1179 1202 1264; baseline -0.002 -25"><span class='ocrx_word' id='word_1_38' title='bbox 32 1180 172 1256; x_wconf 74' lang='grc' dir='ltr'><strong>ἀπείρητο</strong></span> <span class='ocrx_word' id='word_1_39' title='bbox 187 1179 250 1257; x_wconf 81' lang='grc' dir='ltr'><strong>γάρ</strong></span> <span class='ocrx_word' id='word_1_40' title='bbox 270 1179 303 1244; x_wconf 86' lang='grc' dir='ltr'><strong>έκ</strong></span> <span class='ocrx_word' id='word_1_41' title='bbox 324 1182 467 1264; x_wconf 88' lang='grc' dir='ltr'><em>Γράκχου</em></span> <span class='ocrx_word' id='word_1_42' title='bbox 486 1189 539 1244; x_wconf 79' lang='grc' dir='ltr'><strong>τοῦ</strong></span> <span class='ocrx_word' id='word_1_43' title='bbox 558 1184 700 1260; x_wconf 84' lang='grc' dir='ltr'><em>προτέρου</em></span> <span class='ocrx_word' id='word_1_44' title='bbox 714 1184 762 1248; x_wconf 86' lang='grc' dir='ltr'><strong>καί</strong></span> <span class='ocrx_word' id='word_1_45' title='bbox 777 1184 855 1244; x_wconf 80' lang='grc' dir='ltr'><em>τοδε.</em></span> <span class='ocrx_word' id='word_1_46' title='bbox 878 1180 925 1246; x_wconf 85' lang='grc' dir='ltr'><strong>καί</strong></span> <span class='ocrx_word' id='word_1_47' title='bbox 937 1180 1024 1251; x_wconf 74' lang='grc' dir='ltr'><em>εὐθὺς</em></span> <span class='ocrx_word' id='word_1_48' title='bbox 1035 1184 1058 1240; x_wconf 88' lang='grc' dir='ltr'><strong>οί</strong></span> <span class='ocrx_word' id='word_1_49' title='bbox 1069 1179 1202 1240; x_wconf 81' lang='grc' dir='ltr'><em>πλούσιοι</em></span> 
     </span>
     <span class='ocr_line' id='line_1_7' title="bbox 31 1283 1205 1367; baseline -0.002 -23"><span class='ocrx_word' id='word_1_50' title='bbox 31 1285 109 1359; x_wconf 82' lang='grc' dir='ltr'><em>παρά</em></span> <span class='ocrx_word' id='word_1_51' title='bbox 128 1292 192 1345; x_wconf 86' lang='grc' dir='ltr'><em>τῶν</em></span> <span class='ocrx_word' id='word_1_52' title='bbox 212 1288 344 1354; x_wconf 74' lang='grc' dir='ltr'><em>πενήτων</em></span> <span class='ocrx_word' id='word_1_53' title='bbox 363 1285 508 1362; x_wconf 78' lang='grc' dir='ltr'><em>ἐωνοῦντο,</em></span> <span class='ocrx_word' id='word_1_54' title='bbox 531 1285 548 1356; x_wconf 73' lang='grc' dir='ltr'>ἢ</span> <span class='ocrx_word' id='word_1_55' title='bbox 568 1288 672 1350; x_wconf 88' lang='grc' dir='ltr'><em>ταῖσδε</em></span> <span class='ocrx_word' id='word_1_56' title='bbox 693 1299 758 1358; x_wconf 78' lang='grc' dir='ltr'><em>ταῖς</em></span> <span class='ocrx_word' id='word_1_57' title='bbox 780 1289 961 1367; x_wconf 74' lang='grc' dir='ltr'><em>προφάσεσιν</em></span> <span class='ocrx_word' id='word_1_58' title='bbox 980 1283 1145 1362; x_wconf 78' lang='grc' dir='ltr'><em>ἐβιάζοντο.</em></span> <span class='ocrx_word' id='word_1_59' title='bbox 1156 1283 1205 1346; x_wconf 86' lang='grc' dir='ltr'><strong>καί</strong></span> 
     </span>
     <span class='ocr_line' id='line_1_8' title="bbox 33 1387 1206 1474; baseline -0.002 -26"><span class='ocrx_word' id='word_1_60' title='bbox 33 1397 128 1464; x_wconf 80' lang='grc' dir='ltr'><em>περιῆν</em></span> <span class='ocrx_word' id='word_1_61' title='bbox 162 1387 191 1460; x_wconf 85' lang='grc' dir='ltr'><strong>ές</strong></span> <span class='ocrx_word' id='word_1_62' title='bbox 222 1399 318 1470; x_wconf 88' lang='grc' dir='ltr'><em>χεῖρον</em></span> <span class='ocrx_word' id='word_1_63' title='bbox 341 1390 385 1452; x_wconf 77' lang='grc' dir='ltr'><em>ἔτι</em></span> <span class='ocrx_word' id='word_1_64' title='bbox 409 1401 470 1462; x_wconf 83' lang='grc' dir='ltr'><em>τοῖς</em></span> <span class='ocrx_word' id='word_1_65' title='bbox 489 1392 603 1464; x_wconf 80' lang='grc' dir='ltr'><em>πένησι,</em></span> <span class='ocrx_word' id='word_1_66' title='bbox 624 1393 715 1474; x_wconf 88' lang='grc' dir='ltr'><em>μέχρι</em></span> <span class='ocrx_word' id='word_1_67' title='bbox 737 1393 866 1468; x_wconf 76' lang='grc' dir='ltr'><em>Σπόριος</em></span> <span class='ocrx_word' id='word_1_68' title='bbox 886 1392 987 1467; x_wconf 81' lang='grc' dir='ltr'><em>Θόριος</em></span> <span class='ocrx_word' id='word_1_69' title='bbox 1000 1390 1021 1465; x_wconf 83' lang='grc'><strong>1)</strong></span> <span class='ocrx_word' id='word_1_70' title='bbox 1041 1388 1206 1468; x_wconf 82' lang='grc' dir='ltr'><em>δημαρχῶν</em></span> 
     </span>
     <span class='ocr_line' id='line_1_9' title="bbox 33 1484 1205 1573; baseline -0.002 -21"><span class='ocrx_word' id='word_1_71' title='bbox 33 1490 207 1564; x_wconf 81' lang='grc' dir='ltr'><em>έσηγήσατο</em></span> <span class='ocrx_word' id='word_1_72' title='bbox 242 1495 338 1571; x_wconf 86' lang='grc' dir='ltr'><em>νόμον,</em></span> <span class='ocrx_word' id='word_1_73' title='bbox 370 1494 425 1561; x_wconf 68' lang='grc' dir='ltr'><em>τὴν</em></span> <span class='ocrx_word' id='word_1_74' title='bbox 454 1493 509 1573; x_wconf 89' lang='grc' dir='ltr'><em>μέν</em></span> <span class='ocrx_word' id='word_1_75' title='bbox 540 1505 600 1572; x_wconf 82' lang='grc' dir='ltr'><em>γῆν</em></span> <span class='ocrx_word' id='word_1_76' title='bbox 630 1497 738 1573; x_wconf 86' lang='grc' dir='ltr'><em>μηκέτι</em></span> <span class='ocrx_word' id='word_1_77' title='bbox 767 1497 917 1572; x_wconf 85' lang='grc' dir='ltr'><em>διανέμειν,</em></span> <span class='ocrx_word' id='word_1_78' title='bbox 948 1495 1020 1554; x_wconf 82' lang='grc' dir='ltr'><em>ἁλλ’</em></span> <span class='ocrx_word' id='word_1_79' title='bbox 1049 1484 1115 1553; x_wconf 79' lang='grc' dir='ltr'><em>εἶναι</em></span> <span class='ocrx_word' id='word_1_80' title='bbox 1145 1499 1205 1552; x_wconf 82' lang='grc' dir='ltr'><em>τῶν</em></span> 
     </span>
     <span class='ocr_line' id='line_1_10' title="bbox 34 1595 1204 1680; baseline 0 -24"><span class='ocrx_word' id='word_1_81' title='bbox 34 1595 169 1678; x_wconf 80' lang='grc' dir='ltr'><em>ἑχόντων,</em></span> <span class='ocrx_word' id='word_1_82' title='bbox 191 1599 240 1660; x_wconf 88' lang='grc' dir='ltr'><strong>καί</strong></span> <span class='ocrx_word' id='word_1_83' title='bbox 259 1599 360 1678; x_wconf 84' lang='grc' dir='ltr'><em>φόρους</em></span> <span class='ocrx_word' id='word_1_84' title='bbox 380 1597 453 1674; x_wconf 80' lang='grc' dir='ltr'><em>ὑπέρ</em></span> <span class='ocrx_word' id='word_1_85' title='bbox 473 1599 564 1672; x_wconf 72' lang='grc' dir='ltr'><em>αὐτῆς</em></span> <span class='ocrx_word' id='word_1_86' title='bbox 586 1609 629 1680; x_wconf 82' lang='grc' dir='ltr'><strong>τῷ</strong></span> <span class='ocrx_word' id='word_1_87' title='bbox 649 1601 735 1680; x_wconf 56' lang='grc' dir='ltr'><strong>δήμῳ</strong></span> <span class='ocrx_word' id='word_1_88' title='bbox 756 1604 993 1679; x_wconf 63' lang='grc' dir='ltr'><em>κατατίθεσθαι,</em></span> <span class='ocrx_word' id='word_1_89' title='bbox 1016 1597 1066 1660; x_wconf 89' lang='grc' dir='ltr'><strong>καί</strong></span> <span class='ocrx_word' id='word_1_90' title='bbox 1081 1595 1204 1657; x_wconf 83' lang='grc' dir='ltr'><em>τάδετὰ</em></span> 
     </span>
     <span class='ocr_line' id='line_1_11' title="bbox 37 1687 1205 1783; baseline -0.002 -21"><span class='ocrx_word' id='word_1_91' title='bbox 37 1703 180 1781; x_wconf 83' lang='grc' dir='ltr'><em>χρήματα</em></span> <span class='ocrx_word' id='word_1_92' title='bbox 201 1713 304 1783; x_wconf 80' lang='grc' dir='ltr'><em>χωρεῖν</em></span> <span class='ocrx_word' id='word_1_93' title='bbox 324 1702 354 1774; x_wconf 87' lang='grc' dir='ltr'><strong>ές</strong></span> <span class='ocrx_word' id='word_1_94' title='bbox 373 1705 523 1781; x_wconf 85' lang='grc' dir='ltr'><em>διανομάς.</em></span> <span class='ocrx_word' id='word_1_95' title='bbox 546 1703 618 1781; x_wconf 80' lang='grc' dir='ltr'><em>έπερ</em></span> <span class='ocrx_word' id='word_1_96' title='bbox 638 1692 673 1774; x_wconf 77' lang='grc' dir='ltr'><em>ἦν</em></span> <span class='ocrx_word' id='word_1_97' title='bbox 693 1706 750 1782; x_wconf 88' lang='grc' dir='ltr'><em>μέν</em></span> <span class='ocrx_word' id='word_1_98' title='bbox 769 1728 814 1775; x_wconf 91' lang='grc' dir='ltr'><em>τις</em></span> <span class='ocrx_word' id='word_1_99' title='bbox 834 1714 895 1774; x_wconf 87' lang='grc' dir='ltr'><em>τοῖς</em></span> <span class='ocrx_word' id='word_1_100' title='bbox 915 1687 1019 1775; x_wconf 86' lang='grc' dir='ltr'><em>πένησι</em></span> <span class='ocrx_word' id='word_1_101' title='bbox 1029 1704 1205 1778; x_wconf 87' lang='grc' dir='ltr'><em>παρηγορία,</em></span> 
     </span>
     <span class='ocr_line' id='line_1_12' title="bbox 37 1802 1207 1888; baseline 0 -24"><span class='ocrx_word' id='word_1_102' title='bbox 37 1805 79 1864; x_wconf 82' lang='grc' dir='ltr'><em>διὰ</em></span> <span class='ocrx_word' id='word_1_103' title='bbox 109 1805 169 1877; x_wconf 84' lang='grc' dir='ltr'><strong>τὰς</strong></span> <span class='ocrx_word' id='word_1_104' title='bbox 195 1807 345 1884; x_wconf 85' lang='grc' dir='ltr'><em>διανομάς,</em></span> <span class='ocrx_word' id='word_1_105' title='bbox 375 1811 480 1888; x_wconf 80' lang='grc' dir='ltr'><em>’όφελος</em></span> <span class='ocrx_word' id='word_1_106' title='bbox 507 1810 536 1870; x_wconf 90' lang='grc' dir='ltr'><strong>δ’</strong></span> <span class='ocrx_word' id='word_1_107' title='bbox 558 1806 637 1870; x_wconf 74' lang='grc' dir='ltr'><em>οὐδέν</em></span> <span class='ocrx_word' id='word_1_108' title='bbox 664 1807 693 1879; x_wconf 81' lang='grc' dir='ltr'><strong>ἐς</strong></span> <span class='ocrx_word' id='word_1_109' title='bbox 719 1812 941 1879; x_wconf 82' lang='grc' dir='ltr'><em>πολυπληθίαν.</em></span> <span class='ocrx_word' id='word_1_110' title='bbox 973 1806 1058 1887; x_wconf 76' lang='grc' dir='ltr'><em>ἅπαξ</em></span> <span class='ocrx_word' id='word_1_111' title='bbox 1083 1802 1115 1866; x_wconf 83' lang='grc' dir='ltr'><strong>δὲ</strong></span> <span class='ocrx_word' id='word_1_112' title='bbox 1146 1815 1207 1875; x_wconf 88' lang='grc' dir='ltr'><em>τοῖς</em></span> 
     </span>
     <span class='ocr_line' id='line_1_13' title="bbox 38 1909 1207 1993; baseline -0.001 -25"><span class='ocrx_word' id='word_1_113' title='bbox 38 1914 200 1990; x_wconf 80' lang='grc' dir='ltr'><em>σοφίσμασι</em></span> <span class='ocrx_word' id='word_1_114' title='bbox 221 1912 320 1972; x_wconf 87' lang='grc' dir='ltr'><em>τοῖσδε</em></span> <span class='ocrx_word' id='word_1_115' title='bbox 347 1918 400 1972; x_wconf 81' lang='grc' dir='ltr'><strong>τοῦ</strong></span> <span class='ocrx_word' id='word_1_116' title='bbox 428 1913 595 1993; x_wconf 78' lang='grc' dir='ltr'><em>Γρακχείου</em></span> <span class='ocrx_word' id='word_1_117' title='bbox 622 1914 711 1989; x_wconf 85' lang='grc' dir='ltr'><em>νόμου</em></span> <span class='ocrx_word' id='word_1_118' title='bbox 735 1912 971 1988; x_wconf 65' lang='grc' dir='ltr'><em>παραλυθέντος,</em></span> <span class='ocrx_word' id='word_1_119' title='bbox 1007 1910 1128 1984; x_wconf 80' lang='grc' dir='ltr'><em>ἀρίστου</em></span> <span class='ocrx_word' id='word_1_120' title='bbox 1158 1909 1207 1972; x_wconf 87' lang='grc' dir='ltr'><strong>καί</strong></span> 
     </span>
     <span class='ocr_line' id='line_1_14' title="bbox 40 2011 1207 2098; baseline -0.001 -26"><span class='ocrx_word' id='word_1_121' title='bbox 40 2013 272 2093; x_wconf 72' lang='grc' dir='ltr'><em>ὠφελιμωτάτου,</em></span> <span class='ocrx_word' id='word_1_122' title='bbox 300 2015 322 2076; x_wconf 84' lang='grc' dir='ltr'><strong>εί</strong></span> <span class='ocrx_word' id='word_1_123' title='bbox 348 2015 468 2077; x_wconf 76' lang='grc' dir='ltr'><em>έδιίνατο</em></span> <span class='ocrx_word' id='word_1_124' title='bbox 497 2022 684 2098; x_wconf 78' lang='grc' dir='ltr'><em>πραχθῆναι,</em></span> <span class='ocrx_word' id='word_1_125' title='bbox 714 2017 880 2094; x_wconf 80' lang='grc' dir='ltr'><em>γενομένου,</em></span> <span class='ocrx_word' id='word_1_126' title='bbox 900 2016 949 2078; x_wconf 89' lang='grc' dir='ltr'><strong>καί</strong></span> <span class='ocrx_word' id='word_1_127' title='bbox 969 2013 1037 2084; x_wconf 73' lang='grc' dir='ltr'><em>τοὺς</em></span> <span class='ocrx_word' id='word_1_128' title='bbox 1056 2015 1156 2095; x_wconf 80' lang='grc' dir='ltr'><em>φόρους</em></span> <span class='ocrx_word' id='word_1_129' title='bbox 1176 2011 1207 2072; x_wconf 85' lang='grc' dir='ltr'><em>οίι</em></span> 
     </span>
     <span class='ocr_line' id='line_1_15' title="bbox 41 2116 1207 2202; baseline -0.001 -26"><span class='ocrx_word' id='word_1_130' title='bbox 41 2116 121 2202; x_wconf 72' lang='grc' dir='ltr'><strong>πολὺΙ</strong></span> <span class='ocrx_word' id='word_1_131' title='bbox 134 2116 257 2194; x_wconf 73' lang='grc' dir='ltr'><em>ὕστερον</em></span> <span class='ocrx_word' id='word_1_132' title='bbox 276 2120 390 2181; x_wconf 80' lang='grc' dir='ltr'><em>διέλυσε</em></span> <span class='ocrx_word' id='word_1_133' title='bbox 410 2120 567 2201; x_wconf 62' lang='grc' dir='ltr'><em>δῆμαρχος</em></span> <span class='ocrx_word' id='word_1_134' title='bbox 589 2119 697 2197; x_wconf 77' lang='grc' dir='ltr'><em>ἕτερος,</em></span> <span class='ocrx_word' id='word_1_135' title='bbox 720 2121 770 2184; x_wconf 82' lang='grc' dir='ltr'><strong>καὶ</strong></span> <span class='ocrx_word' id='word_1_136' title='bbox 790 2122 805 2181; x_wconf 81' lang='grc' dir='ltr'><strong>ὁ</strong></span> <span class='ocrx_word' id='word_1_137' title='bbox 824 2121 918 2198; x_wconf 75' lang='grc' dir='ltr'><em>δῆμος</em></span> <span class='ocrx_word' id='word_1_138' title='bbox 937 2119 1055 2194; x_wconf 84' lang='grc' dir='ltr'><em>άθρόως</em></span> <span class='ocrx_word' id='word_1_139' title='bbox 1066 2119 1207 2178; x_wconf 82' lang='grc' dir='ltr'><em>ἁπάντων</em></span> 
     </span>
     <span class='ocr_line' id='line_1_16' title="bbox 43 2219 1151 2302; baseline 0.001 -21"><span class='ocrx_word' id='word_1_140' title='bbox 43 2219 263 2302; x_wconf 52' lang='lat' dir='ltr'><strong>deffendite?</strong></span> <span class='ocrx_word' id='word_1_141' title='bbox 285 2227 308 2298; x_wconf 71' lang='lat'><strong>³)</strong></span> <span class='ocrx_word' id='word_1_142' title='bbox 1148 2285 1151 2290; x_wconf 77' lang='grc'><em>,</em></span> 
     </span>
     <span class='ocr_line' id='line_1_17' title="bbox 84 2326 1209 2417; baseline -0.002 -24"><span class='ocrx_word' id='word_1_143' title='bbox 84 2328 312 2395; x_wconf 81' lang='lat' dir='ltr'><strong>Praetermitti</strong></span> <span class='ocrx_word' id='word_1_144' title='bbox 336 2352 434 2417; x_wconf 87' lang='lat' dir='ltr'><strong>posse</strong></span> <span class='ocrx_word' id='word_1_145' title='bbox 460 2331 548 2396; x_wconf 91' lang='lat' dir='ltr'><strong>mihi</strong></span> <span class='ocrx_word' id='word_1_146' title='bbox 572 2331 733 2398; x_wconf 87' lang='lat' dir='ltr'><strong>videntur</strong></span> <span class='ocrx_word' id='word_1_147' title='bbox 756 2330 1069 2415; x_wconf 86' lang='lat' dir='ltr'><strong>turbidatempora,</strong></span> <span class='ocrx_word' id='word_1_148' title='bbox 1083 2326 1209 2414; x_wconf 90' lang='lat' dir='ltr'><strong>quibus</strong></span> 
     </span>
     <span class='ocr_line' id='line_1_18' title="bbox 45 2439 1209 2531; baseline -0.001 -26"><span class='ocrx_word' id='word_1_149' title='bbox 45 2440 170 2508; x_wconf 88' lang='lat' dir='ltr'><strong>Marius</strong></span> <span class='ocrx_word' id='word_1_150' title='bbox 192 2447 226 2508; x_wconf 86' lang='lat' dir='ltr'><strong>et</strong></span> <span class='ocrx_word' id='word_1_151' title='bbox 248 2442 344 2509; x_wconf 86' lang='lat' dir='ltr'><strong>Sulla</strong></span> <span class='ocrx_word' id='word_1_152' title='bbox 365 2444 454 2510; x_wconf 89' lang='lat' dir='ltr'><strong>inter</strong></span> <span class='ocrx_word' id='word_1_153' title='bbox 476 2445 567 2531; x_wconf 86' lang='lat' dir='ltr'><strong>ipsos</strong></span> <span class='ocrx_word' id='word_1_154' title='bbox 589 2444 679 2511; x_wconf 87' lang='lat' dir='ltr'><strong>bello</strong></span> <span class='ocrx_word' id='word_1_155' title='bbox 701 2443 911 2510; x_wconf 87' lang='lat' dir='ltr'><strong>lacessebant</strong></span> <span class='ocrx_word' id='word_1_156' title='bbox 923 2462 1130 2528; x_wconf 90' lang='lat' dir='ltr'><strong>omnemque</strong></span> <span class='ocrx_word' id='word_1_157' title='bbox 1142 2439 1209 2504; x_wconf 87' lang='lat' dir='ltr'><strong>Ita·</strong></span> 
     </span>
     <span class='ocr_line' id='line_1_19' title="bbox 45 2553 1209 2644; baseline 0.003 -28"><span class='ocrx_word' id='word_1_158' title='bbox 45 2553 123 2618; x_wconf 90' lang='lat' dir='ltr'><strong>liam</strong></span> <span class='ocrx_word' id='word_1_159' title='bbox 144 2554 333 2622; x_wconf 82' lang='lat' dir='ltr'><strong>vastabant.</strong></span> <span class='ocrx_word' id='word_1_160' title='bbox 364 2557 441 2624; x_wconf 89' lang='lat' dir='ltr'><strong>Hoc</strong></span> <span class='ocrx_word' id='word_1_161' title='bbox 464 2564 600 2624; x_wconf 84' lang='lat' dir='ltr'><strong>tantum</strong></span> <span class='ocrx_word' id='word_1_162' title='bbox 623 2557 896 2638; x_wconf 88' lang='lat' dir='ltr'><strong>memorandum,</strong></span> <span class='ocrx_word' id='word_1_163' title='bbox 922 2555 1080 2644; x_wconf 81' lang='lat' dir='ltr'><strong>quamvis</strong></span> <span class='ocrx_word' id='word_1_164' title='bbox 1103 2576 1145 2620; x_wconf 90' lang='lat' dir='ltr'><strong>ne</strong></span> <span class='ocrx_word' id='word_1_165' title='bbox 1160 2560 1209 2619; x_wconf 88' lang='lat' dir='ltr'><strong>to-</strong></span> 
     </span>
     <span class='ocr_line' id='line_1_20' title="bbox 46 2667 1209 2758; baseline 0 -26"><span class='ocrx_word' id='word_1_166' title='bbox 46 2674 197 2751; x_wconf 87' lang='lat' dir='ltr'><strong>gatorum</strong></span> <span class='ocrx_word' id='word_1_167' title='bbox 232 2669 373 2756; x_wconf 91' lang='lat' dir='ltr'><strong>quidem</strong></span> <span class='ocrx_word' id='word_1_168' title='bbox 408 2670 555 2737; x_wconf 86' lang='lat' dir='ltr'><strong>rationes</strong></span> <span class='ocrx_word' id='word_1_169' title='bbox 588 2693 726 2758; x_wconf 88' lang='lat' dir='ltr'><strong>prorsus</strong></span> <span class='ocrx_word' id='word_1_170' title='bbox 760 2671 1032 2756; x_wconf 76' lang='lat' dir='ltr'><strong>neglegerentur,</strong></span> <span class='ocrx_word' id='word_1_171' title='bbox 1061 2668 1141 2734; x_wconf 90' lang='lat' dir='ltr'><strong>inde</strong></span> <span class='ocrx_word' id='word_1_172' title='bbox 1165 2667 1209 2733; x_wconf 86' lang='lat' dir='ltr'><strong>ab</strong></span> 
     </span>
     <span class='ocr_line' id='line_1_21' title="bbox 49 2779 1208 2872; baseline 0.001 -28"><span class='ocrx_word' id='word_1_173' title='bbox 49 2779 105 2846; x_wconf 90' lang='lat' dir='ltr'><strong>illo</strong></span> <span class='ocrx_word' id='word_1_174' title='bbox 135 2787 285 2869; x_wconf 85' lang='lat' dir='ltr'><strong>tempore</strong></span> <span class='ocrx_word' id='word_1_175' title='bbox 309 2782 459 2850; x_wconf 86' lang='lat' dir='ltr'><strong>colonias</strong></span> <span class='ocrx_word' id='word_1_176' title='bbox 482 2785 583 2850; x_wconf 85' lang='lat' dir='ltr'><strong>fuisse</strong></span> <span class='ocrx_word' id='word_1_177' title='bbox 607 2785 781 2866; x_wconf 86' lang='lat' dir='ltr'><strong>militares,</strong></span> <span class='ocrx_word' id='word_1_178' title='bbox 806 2806 911 2872; x_wconf 89' lang='lat' dir='ltr'><strong>quare</strong></span> <span class='ocrx_word' id='word_1_179' title='bbox 935 2782 1107 2852; x_wconf 88' lang='lat' dir='ltr'><strong>Velleius:</strong></span> <span class='ocrx_word' id='word_1_180' title='bbox 1146 2781 1208 2861; x_wconf 87' lang='lat' dir='ltr'><strong>„In</strong></span> 
     </span>
     <span class='ocr_line' id='line_1_22' title="bbox 50 2892 1208 2985; baseline 0.003 -28"><span class='ocrx_word' id='word_1_181' title='bbox 50 2892 224 2978; x_wconf 81' lang='lat' dir='ltr'><strong>Bagiennis</strong></span> <span class='ocrx_word' id='word_1_182' title='bbox 246 2896 417 2983; x_wconf 81' lang='lat' dir='ltr'><strong>Eporedia</strong></span> <span class='ocrx_word' id='word_1_183' title='bbox 439 2896 598 2984; x_wconf 86' lang='lat' dir='ltr'><strong>(deducta</strong></span> <span class='ocrx_word' id='word_1_184' title='bbox 624 2898 757 2964; x_wconf 88' lang='lat' dir='ltr'><strong>colonia</strong></span> <span class='ocrx_word' id='word_1_185' title='bbox 779 2898 841 2985; x_wconf 86' lang='lat' dir='ltr'><strong>est)</strong></span> <span class='ocrx_word' id='word_1_186' title='bbox 864 2897 974 2962; x_wconf 86' lang='lat' dir='ltr'><strong>Mario</strong></span> <span class='ocrx_word' id='word_1_187' title='bbox 996 2895 1130 2961; x_wconf 86' lang='lat' dir='ltr'><strong>sexiens</strong></span> <span class='ocrx_word' id='word_1_188' title='bbox 1141 2894 1208 2962; x_wconf 88' lang='lat' dir='ltr'><strong>Va·</strong></span> 
     </span>
     <span class='ocr_line' id='line_1_23' title="bbox 50 3004 1208 3098; baseline 0.003 -29"><span class='ocrx_word' id='word_1_189' title='bbox 50 3004 190 3095; x_wconf 90' lang='lat' dir='ltr'><strong>lerioque</strong></span> <span class='ocrx_word' id='word_1_190' title='bbox 213 3008 336 3075; x_wconf 89' lang='lat' dir='ltr'><strong>Flacco</strong></span> <span class='ocrx_word' id='word_1_191' title='bbox 360 3010 564 3076; x_wconf 87' lang='lat' dir='ltr'><strong>consulibus.</strong></span> <span class='ocrx_word' id='word_1_192' title='bbox 588 3011 709 3098; x_wconf 86' lang='lat' dir='ltr'><strong>Neque</strong></span> <span class='ocrx_word' id='word_1_193' title='bbox 733 3010 830 3076; x_wconf 85' lang='lat' dir='ltr'><strong>facile</strong></span> <span class='ocrx_word' id='word_1_194' title='bbox 854 3010 1040 3076; x_wconf 89' lang='lat' dir='ltr'><strong>memoriae</strong></span> <span class='ocrx_word' id='word_1_195' title='bbox 1068 3007 1208 3073; x_wconf 90' lang='lat' dir='ltr'><strong>manda·</strong></span> 
     </span>
     <span class='ocr_line' id='line_1_24' title="bbox 51 3120 1208 3211; baseline 0.003 -29"><span class='ocrx_word' id='word_1_196' title='bbox 51 3120 160 3203; x_wconf 86' lang='lat' dir='ltr'><strong>verim,</strong></span> <span class='ocrx_word' id='word_1_197' title='bbox 183 3143 282 3209; x_wconf 86' lang='lat' dir='ltr'><strong>quae,</strong></span> <span class='ocrx_word' id='word_1_198' title='bbox 307 3122 373 3188; x_wconf 87' lang='lat' dir='ltr'><strong>nisi</strong></span> <span class='ocrx_word' id='word_1_199' title='bbox 397 3123 564 3204; x_wconf 87' lang='lat' dir='ltr'><strong>militaris,</strong></span> <span class='ocrx_word' id='word_1_200' title='bbox 589 3130 665 3211; x_wconf 87' lang='lat' dir='ltr'><strong>post</strong></span> <span class='ocrx_word' id='word_1_201' title='bbox 687 3125 752 3190; x_wconf 86' lang='lat' dir='ltr'><strong>hcc</strong></span> <span class='ocrx_word' id='word_1_202' title='bbox 775 3129 911 3210; x_wconf 89' lang='lat' dir='ltr'><strong>tempus</strong></span> <span class='ocrx_word' id='word_1_203' title='bbox 933 3123 1080 3189; x_wconf 91' lang='lat' dir='ltr'><strong>deducta</strong></span> <span class='ocrx_word' id='word_1_204' title='bbox 1092 3123 1165 3188; x_wconf 88' lang='lat' dir='ltr'><strong>sit.&#39;&#39;</strong></span> <span class='ocrx_word' id='word_1_205' title='bbox 1181 3121 1208 3208; x_wconf 80' lang='lat'><strong>⁸)</strong></span> 
     </span>
     <span class='ocr_line' id='line_1_25' title="bbox 52 3231 1208 3323; baseline 0.003 -28"><span class='ocrx_word' id='word_1_206' title='bbox 52 3231 145 3300; x_wconf 87' lang='lat' dir='ltr'><strong>Recte</strong></span> <span class='ocrx_word' id='word_1_207' title='bbox 167 3236 314 3321; x_wconf 88' lang='lat' dir='ltr'><strong>Zumpt:</strong></span> <span class='ocrx_word' id='word_1_208' title='bbox 341 3235 522 3316; x_wconf 80' lang='lat' dir='ltr'><strong>„Coloniae</strong></span> <span class='ocrx_word' id='word_1_209' title='bbox 547 3288 689 3303; x_wconf 89' lang='grc'><strong>.....</strong></span> <span class='ocrx_word' id='word_1_210' title='bbox 703 3237 856 3323; x_wconf 86' lang='lat' dir='ltr'><strong>praemia</strong></span> <span class='ocrx_word' id='word_1_211' title='bbox 867 3235 1009 3302; x_wconf 85' lang='lat' dir='ltr'><strong>militiae</strong></span> <span class='ocrx_word' id='word_1_212' title='bbox 1022 3241 1208 3322; x_wconf 87' lang='lat' dir='ltr'><strong>coeperunt</strong></span> 
     </span>
     <span class='ocr_line' id='line_1_26' title="bbox 52 3347 1207 3435; baseline 0.003 -27"><span class='ocrx_word' id='word_1_213' title='bbox 52 3365 113 3411; x_wconf 87' lang='lat' dir='ltr'><strong>esse</strong></span> <span class='ocrx_word' id='word_1_214' title='bbox 144 3347 285 3435; x_wconf 89' lang='lat' dir='ltr'><strong>ipsaque</strong></span> <span class='ocrx_word' id='word_1_215' title='bbox 321 3350 502 3416; x_wconf 83' lang='lat' dir='ltr'><strong>necessitas</strong></span> <span class='ocrx_word' id='word_1_216' title='bbox 536 3350 709 3415; x_wconf 87' lang='lat' dir='ltr'><strong>Romanos</strong></span> <span class='ocrx_word' id='word_1_217' title='bbox 733 3351 852 3435; x_wconf 83' lang='lat' dir='ltr'><strong>co&#39;e&#39;git,</strong></span> <span class='ocrx_word' id='word_1_218' title='bbox 877 3357 916 3415; x_wconf 94' lang='lat' dir='ltr'><strong>ut</strong></span> <span class='ocrx_word' id='word_1_219' title='bbox 939 3370 1016 3414; x_wconf 91' lang='lat' dir='ltr'><strong>eam</strong></span> <span class='ocrx_word' id='word_1_220' title='bbox 1039 3349 1207 3414; x_wconf 85' lang='lat' dir='ltr'><strong>rationem</strong></span> 
     </span>
     <span class='ocr_line' id='line_1_27' title="bbox 52 3456 1209 3550; baseline 0.003 -28"><span class='ocrx_word' id='word_1_221' title='bbox 52 3456 243 3527; x_wconf 85' lang='lat' dir='ltr'><strong>invenirent.</strong></span> <span class='ocrx_word' id='word_1_222' title='bbox 278 3461 526 3544; x_wconf 80' lang='lat' dir='ltr'><strong>Nam-milites,</strong></span> <span class='ocrx_word' id='word_1_223' title='bbox 553 3464 611 3550; x_wconf 92' lang='lat' dir='ltr'><strong>qui</strong></span> <span class='ocrx_word' id='word_1_224' title='bbox 635 3464 769 3549; x_wconf 88' lang='lat' dir='ltr'><strong>pridem</strong></span> <span class='ocrx_word' id='word_1_225' title='bbox 784 3463 840 3530; x_wconf 86' lang='lat' dir='ltr'><strong>vel</strong></span> <span class='ocrx_word' id='word_1_226' title='bbox 855 3462 1040 3549; x_wconf 86' lang='lat' dir='ltr'><strong>locupletes</strong></span> <span class='ocrx_word' id='word_1_227' title='bbox 1052 3460 1209 3528; x_wconf 91' lang='lat' dir='ltr'><strong>homines</strong></span> 
     </span>
    </p>
   </div>
   <div class='ocr_carea' id='block_1_4' title="bbox 53 3568 1208 3664">
    <p class='ocr_par' dir='ltr' id='par_1_4' title="bbox 53 3568 1208 3664">
     <span class='ocr_line' id='line_1_28' title="bbox 53 3568 1208 3664; baseline 0.004 -32"><span class='ocrx_word' id='word_1_228' title='bbox 53 3568 176 3639; x_wconf 87' lang='lat' dir='ltr'><strong>fuerant</strong></span> <span class='ocrx_word' id='word_1_229' title='bbox 209 3574 265 3642; x_wconf 90' lang='lat' dir='ltr'><strong>vel</strong></span> <span class='ocrx_word' id='word_1_230' title='bbox 299 3574 334 3656; x_wconf 90' lang='lat' dir='ltr'><strong>ii,</strong></span> <span class='ocrx_word' id='word_1_231' title='bbox 372 3576 431 3662; x_wconf 93' lang='lat' dir='ltr'><strong>qui</strong></span> <span class='ocrx_word' id='word_1_232' title='bbox 465 3575 617 3642; x_wconf 83' lang='lat' dir='ltr'><strong>defuncti</strong></span> <span class='ocrx_word' id='word_1_233' title='bbox 641 3576 738 3643; x_wconf 89' lang='lat' dir='ltr'><strong>bellis</strong></span> <span class='ocrx_word' id='word_1_234' title='bbox 761 3577 805 3643; x_wconf 90' lang='lat' dir='ltr'><strong>ad</strong></span> <span class='ocrx_word' id='word_1_235' title='bbox 828 3577 920 3664; x_wconf 82' lang='lat' dir='ltr'><strong>pacis</strong></span> <span class='ocrx_word' id='word_1_236' title='bbox 943 3575 1080 3660; x_wconf 84' lang='lat' dir='ltr'><strong>negotia</strong></span> <span class='ocrx_word' id='word_1_237' title='bbox 1098 3573 1208 3639; x_wconf 89' lang='lat' dir='ltr'><strong>redire</strong></span> 
     </span>
    </p>
   </div>
   <div class='ocr_carea' id='block_1_5' title="bbox 56 3737 1210 4006">
    <p class='ocr_par' dir='ltr' id='par_1_5' title="bbox 56 3737 1210 4006">
     <span class='ocr_line' id='line_1_29' title="bbox 56 3737 1210 3825; baseline 0.003 -32"><span class='ocrx_word' id='word_1_238' title='bbox 56 3737 365 3810; x_wconf 85' lang='grc' dir='ltr'><em>χαριεστάτους</em></span> <span class='ocrx_word' id='word_1_239' title='bbox 385 3743 444 3794; x_wconf 83' lang='grc' dir='ltr'><em>τῶν</em></span> <span class='ocrx_word' id='word_1_240' title='bbox 463 3741 594 3796; x_wconf 83' lang='grc' dir='ltr'><em>πολιτῶν</em></span> <span class='ocrx_word' id='word_1_241' title='bbox 614 3739 773 3812; x_wconf 77' lang='grc' dir='ltr'><em>εἰσάγοντα</em></span> <span class='ocrx_word' id='word_1_242' title='bbox 794 3738 972 3814; x_wconf 80' lang='grc' dir='ltr'><em>δημοκοπεῖν</em></span> <span class='ocrx_word' id='word_1_243' title='bbox 991 3738 1113 3825; x_wconf 77' lang='grc' dir='ltr'><em>ᾐτιῶντο</em></span> <span class='ocrx_word' id='word_1_244' title='bbox 1124 3741 1164 3797; x_wconf 78' lang='lat' dir='ltr'><strong>(sc.</strong></span> <span class='ocrx_word' id='word_1_245' title='bbox 1175 3758 1210 3790; x_wconf 79' lang='lat' dir='ltr'><strong>se-</strong></span> 
     </span>
     <span class='ocr_line' id='line_1_30' title="bbox 56 3827 1210 3914; baseline -0.001 -25"><span class='ocrx_word' id='word_1_246' title='bbox 56 3835 151 3891; x_wconf 63' lang='lat' dir='ltr'><strong>naeres),</strong></span> <span class='ocrx_word' id='word_1_247' title='bbox 173 3830 272 3910; x_wconf 77' lang='grc' dir='ltr'><em>Λιβίῳ</em></span> <span class='ocrx_word' id='word_1_248' title='bbox 302 3827 334 3890; x_wconf 83' lang='grc' dir='ltr'><strong>δὲ</strong></span> <span class='ocrx_word' id='word_1_249' title='bbox 363 3831 476 3894; x_wconf 77' lang='grc' dir='ltr'><em>δώδεκα</em></span> <span class='ocrx_word' id='word_1_250' title='bbox 506 3834 701 3910; x_wconf 81' lang='grc' dir='ltr'><em>κατοικίζοντι</em></span> <span class='ocrx_word' id='word_1_251' title='bbox 730 3834 778 3896; x_wconf 87' lang='grc' dir='ltr'><strong>καί</strong></span> <span class='ocrx_word' id='word_1_252' title='bbox 805 3837 984 3914; x_wconf 79' lang='grc' dir='ltr'><em>τρισχιλίους</em></span> <span class='ocrx_word' id='word_1_253' title='bbox 1012 3834 1049 3901; x_wconf 89' lang='grc' dir='ltr'><strong>είς</strong></span> <span class='ocrx_word' id='word_1_254' title='bbox 1079 3831 1210 3900; x_wconf 82' lang='grc' dir='ltr'><em>ἑκάστην</em></span> 
     </span>
     <span class='ocr_line' id='line_1_31' title="bbox 57 3919 860 4006; baseline 0.01 -25"><span class='ocrx_word' id='word_1_255' title='bbox 57 3919 261 3988; x_wconf 86' lang='grc' dir='ltr'><em>άποστέλλοντι</em></span> <span class='ocrx_word' id='word_1_256' title='bbox 281 3949 301 3985; x_wconf 91' lang='grc' dir='ltr'><em>τ</em></span> <span class='ocrx_word' id='word_1_257' title='bbox 313 3933 334 3983; x_wconf 84' lang='grc' dir='ltr'><strong>ὡ</strong></span> <span class='ocrx_word' id='word_1_258' title='bbox 346 3949 361 3984; x_wconf 91' lang='grc' dir='ltr'><em>ν</em></span> <span class='ocrx_word' id='word_1_259' title='bbox 380 3926 399 3986; x_wconf 87' lang='grc' dir='ltr'><em>ά</em></span> <span class='ocrx_word' id='word_1_260' title='bbox 410 3950 435 3987; x_wconf 91' lang='grc' dir='ltr'><em>π</em></span> <span class='ocrx_word' id='word_1_261' title='bbox 446 3928 461 3987; x_wconf 87' lang='grc' dir='ltr'><strong>ο’</strong></span> <span class='ocrx_word' id='word_1_262' title='bbox 470 3951 488 4002; x_wconf 91' lang='grc' dir='ltr'><em>ρ</em></span> <span class='ocrx_word' id='word_1_263' title='bbox 498 3950 546 3987; x_wconf 87' lang='grc' dir='ltr'><em>ων</em></span> <span class='ocrx_word' id='word_1_264' title='bbox 566 3929 860 4006; x_wconf 76' lang='grc' dir='ltr'><em>συνελαμβάνοντο.”</em></span> 
     </span>
    </p>
   </div>
   <div class='ocr_carea' id='block_1_6' title="bbox 59 4007 1208 4177">
    <p class='ocr_par' dir='ltr' id='par_1_6' title="bbox 59 4007 1208 4177">
     <span class='ocr_line' id='line_1_32' title="bbox 86 4007 1208 4101; baseline 0.005 -27"><span class='ocrx_word' id='word_1_265' title='bbox 86 4023 102 4085; x_wconf 85' lang='lat'><strong>¹)</strong></span> <span class='ocrx_word' id='word_1_266' title='bbox 117 4027 180 4077; x_wconf 88' lang='lat' dir='ltr'><strong>Libri</strong></span> <span class='ocrx_word' id='word_1_267' title='bbox 205 4031 273 4083; x_wconf 89' lang='lat' dir='ltr'><strong>MSS.</strong></span> <span class='ocrx_word' id='word_1_268' title='bbox 302 4023 407 4096; x_wconf 78' lang='grc' dir='ltr'><em>Βὸριος.</em></span> <span class='ocrx_word' id='word_1_269' title='bbox 429 4023 529 4098; x_wconf 75' lang='grc' dir='ltr'><em>Θόριος</em></span> <span class='ocrx_word' id='word_1_270' title='bbox 550 4053 664 4101; x_wconf 81' lang='lat' dir='ltr'><strong>reponere</strong></span> <span class='ocrx_word' id='word_1_271' title='bbox 681 4037 752 4085; x_wconf 86' lang='lat' dir='ltr'><strong>iussit</strong></span> <span class='ocrx_word' id='word_1_272' title='bbox 767 4037 941 4084; x_wconf 79' lang='lat' dir='ltr'><strong>Hotomennus.</strong></span> <span class='ocrx_word' id='word_1_273' title='bbox 957 4007 996 4083; x_wconf 51' lang='lat' dir='ltr'><strong>¹De</strong></span> <span class='ocrx_word' id='word_1_274' title='bbox 1013 4035 1056 4082; x_wconf 81' lang='lat' dir='ltr'><strong>hac</strong></span> <span class='ocrx_word' id='word_1_275' title='bbox 1073 4033 1208 4098; x_wconf 76' lang='lat' dir='ltr'><strong>quaestione</strong></span> 
     </span>
     <span class='ocr_line' id='line_1_33' title="bbox 59 4104 508 4177; baseline 0.029 -22"><span class='ocrx_word' id='word_1_276' title='bbox 59 4104 508 4177; x_wconf 61' lang='lat' dir='ltr'><strong>dfflmmfflULLLwst</strong></span> 
     </span>
    </p>
   </div>
   <div class='ocr_carea' id='block_1_7' title="bbox 87 4186 403 4346">
    <p class='ocr_par' dir='ltr' id='par_1_7' title="bbox 87 4186 403 4346">
     <span class='ocr_line' id='line_1_34' title="bbox 87 4186 403 4258; baseline 0.013 -12"><span class='ocrx_word' id='word_1_277' title='bbox 87 4186 103 4246; x_wconf 83' lang='lat'><strong>²)</strong></span> <span class='ocrx_word' id='word_1_278' title='bbox 118 4192 213 4258; x_wconf 69' lang='lat' dir='ltr'><strong>Appiun⁴</strong></span> <span class='ocrx_word' id='word_1_279' title='bbox 231 4197 260 4245; x_wconf 91' lang='lat' dir='ltr'><strong>B.</strong></span> <span class='ocrx_word' id='word_1_280' title='bbox 278 4200 304 4248; x_wconf 83' lang='lat' dir='ltr'><strong>G.</strong></span> <span class='ocrx_word' id='word_1_281' title='bbox 324 4201 345 4258; x_wconf 93' lang='grc' dir='ltr'><strong>Ι,</strong></span> <span class='ocrx_word' id='word_1_282' title='bbox 364 4202 403 4253; x_wconf 81' lang='grc'><strong>27.</strong></span> 
     </span>
     <span class='ocr_line' id='line_1_35' title="bbox 87 4270 376 4346; baseline -0.014 -12"><span class='ocrx_word' id='word_1_283' title='bbox 87 4270 104 4334; x_wconf 78' lang='lat'><strong>³)</strong></span> <span class='ocrx_word' id='word_1_284' title='bbox 118 4275 174 4330; x_wconf 78' lang='lat' dir='ltr'><strong>vul.</strong></span> <span class='ocrx_word' id='word_1_285' title='bbox 190 4284 240 4334; x_wconf 76' lang='lat' dir='ltr'><strong>nt.</strong></span> <span class='ocrx_word' id='word_1_286' title='bbox 257 4287 277 4346; x_wconf 91' lang='lat'><strong>1,</strong></span> <span class='ocrx_word' id='word_1_287' title='bbox 297 4283 336 4340; x_wconf 76' lang='grc' dir='ltr'><em>ιι,</em></span> <span class='ocrx_word' id='word_1_288' title='bbox 355 4283 376 4332; x_wconf 79' lang='lat' dir='ltr'><strong>a.</strong></span> 
     </span>
    </p>
   </div>
   <div class='ocr_carea' id='block_1_8' title="bbox 0 0 1545 5134">
    <p class='ocr_par' dir='ltr' id='par_1_8' title="bbox 0 0 1545 5134">
     <span class='ocr_line' id='line_1_36' title="bbox 0 0 1545 5134; baseline 0 0"><span class='ocrx_word' id='word_1_289' title='bbox 0 0 1545 5134; x_wconf 95' lang='lat' dir='ltr'><strong> </strong></span> 
     </span>
    </p>
   </div>
  </div>
 </body>
</html>
