3040 5134
582 611 647 678 165

37 787 122 854 initio
155 787 267 876 posui,
303 788 561 874 egentissimum
595 810 768 878 quemquo
804 810 916 876 neque
951 788 1062 856 solum
1085 811 1197 877 neque

38 901 242 986 potissimum
266 902 468 989 participem
491 903 594 969 fuisse
618 902 935 969 frumentationum.
961 902 986 989 ¹)

103 1085 126 1129 c.
171 1064 251 1144 Quo
275 1063 377 1131 modo
401 1065 614 1131 frumentum
636 1063 816 1152 publicum
840 1062 1130 1130 distribuebatur?

65 1227 213 1294 Breviter
225 1232 362 1292 tantum
374 1227 542 1312 attingam
555 1226 697 1293 modum
710 1246 779 1312 quo
791 1226 1005 1292 frumentum
1018 1225 1197 1313 publicum

38 1338 302 1422 distribuebatur,
328 1340 410 1427 quia
432 1340 488 1406 hic
511 1339 606 1407 locus
628 1339 747 1405 multis
770 1338 968 1406 nominibus
985 1339 1195 1406 nondumcd

37 1450 197 1538 liquidum
220 1459 271 1520 ost
292 1452 476 1540 perductus
490 1459 524 1520 et
539 1453 582 1519 ad
595 1454 807 1540 propositum
820 1474 936 1519 meum
948 1474 1072 1540 parum
1085 1454 1197 1521 refert.

74 1567 120 1632 De
142 1566 399 1652 magistratibus
420 1567 457 1632 in
480 1589 516 1634 re
539 1566 764 1633 frumentaria
785 1566 958 1653 occupatis
982 1565 1091 1632 multa
1116 1573 1198 1633 sunt

37 1677 162 1746 incerta.
210 1679 315 1745 Initio
350 1680 510 1748 universa
543 1701 700 1746 annonae
728 1701 811 1746 cura
833 1701 938 1766 penes
961 1679 1087 1746 aediles
1109 1687 1192 1747 erat.
1265 1703 1268 1709 ·

38 1790 197 1868 Quicum
219 1793 430 1880 amplissimo
454 1793 589 1860 numeri
613 1793 755 1859 minime
775 1813 873 1879 pares
885 1799 996 1859 essent
1008 1799 1043 1859 et
1053 1793 1194 1881 insuper

38 1904 118 1971 urbis
151 1907 284 1974 Romae
311 1906 437 1973 finibus
459 1906 725 1988 continerentur,
750 1927 812 1993 pro
835 1911 991 1993 tempore
1015 1912 1048 1972 et
1073 1928 1135 1994 pro
1159 1928 1195 1974 re

39 2019 158 2105 saepius
186 2021 281 2086 varia
305 2021 449 2088 concilia
470 2027 569 2087 erant
591 2019 768 2107 capienda.
799 2020 842 2085 In
855 2020 908 2085 his
920 2018 1195 2086 commemorabo

38 2129 145 2216 legem,
184 2155 275 2220 ,qua
308 2134 474 2221 Pompeio
510 2155 571 2221 per
606 2134 883 2221 quinquennium
914 2133 1026 2200 omnis
1049 2139 1196 2220 potestas

39 2245 79 2309 rei
98 2247 340 2314 frumentariae
364 2255 434 2314 toto
457 2247 538 2314 orbe
562 2255 730 2314 terrarum
754 2247 925 2315 daretur.''
949 2245 976 2333 ⁵)
1007 2247 1196 2314 Tumduos

40 2358 150 2425 aediles
173 2360 321 2426 Ceriales
344 2384 364 2426 a
389 2361 531 2428 Caesare
555 2362 755 2428 constitutos
786 2361 865 2447 ,qui
879 2361 1051 2426 frumento
1064 2382 1195 2447 praees·

40 2473 131 2554 scnt'',
155 2471 182 2560 ³)
207 2481 422 2560 quaestorem
446 2473 646 2556 Ostiensem,
674 2480 846 2541 curatores
869 2481 965 2541 extra
978 2474 1132 2540 ordinem
1146 2475 1194 2540 rei

40 2584 268 2653 frumentariae
310 2589 527 2675 praepositos
552 2589 578 2674 ⁴)
626 2589 794 2655 Annouae
829 2609 911 2654 cura
935 2609 1026 2654 anno
1049 2610 1079 2654 a.
1108 2611 1140 2654 u.
1165 2611 1193 2655 c.

40 2699 92 2764 732
124 2701 180 2786 (=
215 2723 245 2766 a.
283 2701 363 2768 Chr.
402 2724 436 2767 n.
472 2703 528 2788 22)
567 2703 722 2786 Augusto
756 2701 912 2766 iniuncta
936 2699 960 2788 ⁸)
988 2702 1127 2767 tandem
1150 2703 1194 2768 ad

40 2812 242 2881 stabilitatem
280 2816 435 2902 pervenit
468 2837 548 2882 cum
582 2815 703 2882 eodem
738 2837 809 2880 rem
847 2813 1020 2901 publicam
1055 2823 1194 2899 gerento

41 2927 288 2994 constitueretur
322 2930 512 3015 praefectus
544 2950 700 2995 annonae
731 2949 835 3015 eques
860 2928 1047 2994 Romanus.
1093 2929 1194 3006 Quod

41 3058 161 3123 munus,
195 3041 353 3128 amplum
387 3050 476 3108 certe
511 3064 550 3108 ac
585 3042 818 3127 magnificum,
844 3049 926 3108 tunc
950 3041 1091 3107 demum
1116 3064 1194 3108 con·

67 3314 84 3375 ¹)
115 3319 173 3368 Addi
192 3320 268 3385 possit
284 3336 322 3369 eoa
340 3321 381 3385 qui
401 3323 546 3371 frumentum
565 3324 695 3389 acciperent
712 3309 792 3386 (τοὺς
812 3307 847 3371 ab
864 3311 1026 3388 σιτηρέσιον
1043 3312 1194 3392 φέρσντας)

40 3395 147 3463 Caligulae
169 3404 307 3468 imperatori
328 3405 434 3467 singulos
452 3405 558 3469 singulas
579 3408 701 3457 drachmas
718 3408 832 3458 obtulisse
849 3409 879 3457 ad
895 3413 983 3458 statuas
1000 3410 1122 3473 erigendas
1139 3411 1195 3472 (Dio

40 3479 93 3531 Casa.
110 3483 167 3544 LIX,
186 3489 209 3544 6,
227 3490 261 3547 4),
279 3488 342 3552 quod
360 3489 458 3552 inopum
476 3505 525 3538 esse
542 3492 669 3550 amaveris.
696 3493 728 3540 At
748 3508 801 3540 curn
820 3492 930 3541 drachma
950 3499 1009 3542 esset
1026 3494 1125 3556 pecuma
1137 3494 1194 3543 satis

39 3577 105 3624 parra,
124 3568 176 3618 haic
192 3576 331 3633 argumento
349 3587 433 3635 magna
451 3573 487 3621 vis
504 3573 577 3622 tribui
596 3575 685 3638 nequit.

65 3647 82 3705 ²)
114 3649 159 3700 cia.
176 3653 214 3701 Ad
233 3655 282 3702 art.
300 3653 341 3711 IV,
360 3654 382 3712 l,
400 3655 422 3707 7.
474 3655 511 3705 Cf.
529 3657 599 3705 etiam
617 3674 668 3722 pag.
688 3657 743 3706 133,

66 3729 84 3786 ³)
115 3733 224 3801 Pompon.
243 3737 299 3800 Dig.
317 3738 337 3796 I,
356 3738 379 3796 2,
398 3739 421 3797 2,
440 3738 479 3787 32.

67 3814 83 3872 ⁴)
115 3815 146 3865 De
168 3820 280 3868 omnibus
308 3820 371 3869 hisce
399 3822 575 3885 magistratibus
600 3825 624 3871 cs
654 3825 764 3874 Momms.
790 3825 846 3873 Stlt.
863 3823 899 3872 11³
917 3839 983 3887 pagg.
1001 3823 1051 3872 480
1069 3840 1125 3887 seq,
1144 3825 1191 3874 503

40 3908 86 3958 ⁸⁰4,
111 3900 152 3951 571
178 3919 231 3952 cum
261 3903 315 3952 rdn.
344 3905 365 3961 l,
393 3904 440 3956 572
458 3921 511 3953 cum
528 3907 583 3956 adn.
602 3909 624 3964 8,
643 3908 689 3959 071
710 3922 782 3971 seqq,
799 3914 844 3955 eta.
879 3906 948 3970 Quod
965 3907 995 3954 ad
1012 3905 1098 3955 aediles
1115 3907 1192 3970 plebis

41 3975 138 4038 Ceriales,
160 3986 188 4034 ad
212 4002 264 4050 pag.
284 3986 330 4034 481
350 3989 403 4036 adn.
422 3988 435 4036 1
454 3989 559 4038 addenda
575 3992 629 4038 sunt
646 4007 705 4054 quaa
722 3990 823 4039 contulit
841 3989 1011 4046 Gardthausen,
1029 3990 1150 4052 Augustus
1167 4007 1191 4040 u.

41 4061 93 4109 aeine
109 4064 162 4126 Zeil,
178 4068 202 4116 II
220 4085 272 4132 pag.
291 4069 339 4118 318
358 4086 404 4134 seq.

68 4144 84 4203 ‘l
115 4147 251 4209 Hirschfeld,
269 4153 297 4202 V.
315 4153 344 4202 G.
363 4154 375 4201 1
392 4170 444 4218 pag.
463 4155 511 4203 130
532 4156 586 4204 adn.
606 4155 628 4213 1,
646 4157 692 4204 iam
706 4155 751 4204 illo
767 4171 830 4203 anno
846 4156 872 4203 in
890 4159 1030 4220 perpetuum
1041 4155 1191 4205 hanccuram

41 4229 162 4295 aprincipe
178 4240 291 4300 receptam
309 4253 357 4285 asae
373 4242 449 4301 negat,
467 4243 549 4288 contra
566 4255 636 4302 quem
654 4239 709 4288 vide
726 4239 837 4287 Momma.
855 4237 872 4288 1.
890 4237 907 4288 l.
925 4255 978 4304 pag.
997 4239 1061 4288 1038
1073 4240 1190 4290 cumadn.

43 4305 52 4354 l
68 4314 87 4359 et
102 4313 228 4368 R.G.D.A.⁵
244 4335 296 4385 pag.
314 4320 353 4370 35.
