3122 5130
859 587 900 650 18

335 763 423 830 Mihi
446 765 607 852 proposui
630 765 715 830 duos
739 763 883 829 seribere
908 761 1020 842 libros,
1048 783 1199 848 quorum
1220 761 1325 828 altero
1349 760 1468 826 dicam

291 900 372 944 oum
404 878 446 944 de
481 877 574 944 civili
604 878 841 944 Rornanorum
865 876 1121 956 communitate,
1146 882 1221 940 tum
1245 876 1396 941 maximo
1418 874 1478 938 de·

290 991 373 1079 ipsis
411 990 620 1078 pauperibus
669 1011 858 1077 eorumque
904 989 1104 1055 condicione
1149 989 1186 1053 iu
1232 989 1315 1055 urbe
1351 988 1468 1054 Roma

291 1087 353 1192 per
383 1105 478 1171 veria
500 1111 665 1191 tempora,
691 1103 816 1190 quibus
838 1102 929 1168 stetit
948 1103 1105 1168 Romana
1129 1123 1197 1182 ros;
1234 1102 1340 1168 altero
1362 1123 1469 1186 agam
1544 1109 1545 1114 ’

292 1217 334 1283 de
368 1217 418 1299 iis,
455 1218 515 1305 qui
553 1225 591 1283 ut
627 1239 820 1303 pauperum
851 1215 1088 1281 condicionem
1112 1215 1290 1281 meliorem
1313 1216 1468 1280 facerent

292 1352 433 1417 operam
461 1330 638 1396 dederunt.
685 1330 775 1409 Quin
798 1336 914 1395 autern
936 1329 978 1395 do
1002 1351 1117 1395 rorum
1141 1330 1378 1394 Romanarum
1400 1327 1469 1393 ini·

292 1445 340 1509 tio
375 1445 489 1509 miuus
523 1443 659 1528 singule
682 1444 771 1509 iaetu
790 1464 896 1530 quam
919 1443 1075 1509 notiones
1099 1443 1278 1509 universae
1303 1441 1467 1507 historiae
1545 1475 1546 1500 ι

293 1557 359 1622 fide
394 1556 562 1642 obligatae
597 1563 685 1637 sunt,
721 1557 839 1643 priscis
873 1556 941 1622 illis
975 1556 1187 1643 temporibus
1222 1557 1260 1621 in
1293 1555 1466 1642 priore

293 1668 380 1736 libro
410 1669 505 1737 loeus
527 1693 596 1736 esse
622 1671 709 1735 mihi
733 1671 878 1751 videtur,
903 1669 1075 1756 pauloque
1101 1669 1230 1734 diutius
1252 1669 1289 1733 in
1312 1669 1354 1734 iis
1374 1688 1467 1733 eom-

296 1783 464 1866 morabor‚
494 1784 576 1872 quia
599 1785 784 1870 posteriora
808 1783 1015 1870 quibusdam
1038 1781 1209 1848 radicibus
1233 1781 1372 1848 illorum
1396 1803 1466 1846 sue-

294 1897 449 1964 oulorum
485 1899 643 1963 nituntur
676 1898 820 1984 ideoque
857 1897 1006 1984 quodam
1041 1896 1142 1962 modo
1176 1918 1220 1961 ex
1253 1895 1320 1961 illis
1349 1894 1465 1960 lueem

298 2012 449 2098 accipere
485 2012 639 2098 putanda
673 2019 761 2076 sunt.
808 2011 904 2089 Quae
929 2016 1048 2075 eontra
1071 2010 1197 2076 seimus
1220 2009 1261 2075 de
1285 2009 1360 2094 ipsa
1382 2005 1475 2073 euro

296 2126 472 2210 egentium
495 2147 575 2190 oum
599 2125 749 2190 maxime
773 2124 945 2210 pertinent
968 2123 1359 2208 odinferiorotompora,
1384 2122 1465 2187 an-

296 2308 393 2356 Arseoio
419 2308 525 2372 pontifici
552 2307 658 2357 Galatiae
684 2308 737 2371 (Ep.
764 2306 863 2366 XLIX):
883 2303 935 2368 ,Τί
956 2289 1003 2360 οὖν
1022 2302 1106 2376 ἡμεῖς
1116 2299 1240 2376 οἰόμεθα
1252 2305 1348 2360 ταῦτα
1359 2298 1463 2374 ἀρκεῖν,

297 2391 360 2454 ούδέ
380 2394 609 2472 ἀποβλέπομεν,
632 2395 670 2464 ὡς
698 2397 838 2470 μάλιστα
859 2395 913 2461 τὴν
933 2395 1088 2466 ἀθεότητα
1104 2394 1466 2476 συνηύξησενὴπερίτούς

296 2489 392 2570 ξένους
422 2496 626 2572 φιλανθρωπία
657 2490 706 2553 καὶ
736 2493 753 2560 ἡ
785 2491 850 2566 περί
879 2491 935 2562 τάς
966 2491 1063 2569 ταφάς
1088 2498 1148 2552 τῶν
1169 2500 1273 2568 νεκρῶν
1294 2494 1466 2568 προμήθεια

296 2587 344 2648 καὶ
373 2588 391 2656 ἡ
423 2586 625 2662 πεπλασμένη
655 2585 803 2662 σεμνότης
832 2587 913 2650 κατὰ
943 2587 996 2648 τὸν
1026 2587 1111 2662 βίον;
1144 2579 1182 2647 ὧν
1213 2587 1342 2651 ἕκαστον
1372 2591 1466 2666 οίομαι

296 2691 401 2763 χρῆναι
431 2684 502 2757 παρ’
532 2684 614 2757 ἡμῶν
648 2681 772 2753 ἀληθῶς
800 2680 1036 2753 ἐπιτηδεύεσθαι.
1079 2686 1136 2746 Και
1157 2683 1207 2748 οὐκ
1228 2685 1351 2765 ἀπόχρη
1371 2684 1407 2745 τά
1428 2681 1465 2745 σέ

297 2779 385 2855 μόνον
407 2788 473 2838 εῖναι
494 2784 632 2848 τοιοῦτον,
653 2777 734 2837 ἀλλά
756 2780 875 2848 πάντας
895 2781 1084 2860 ἁπαξαπλῶς
1095 2779 1156 2841 ὅσοι
1166 2781 1231 2857 περὶ
1244 2781 1299 2849 τὴν
1309 2781 1466 2842 Γαλατίαν
1548 2777 1549 2804 ³

297 2873 367 2935 εέσὶν
388 2880 467 2950 ἱερεῖς
490 2921 495 2933 .
518 2920 524 2932 .
549 2921 554 2933 .
578 2920 583 2931 .
607 2873 777 2940 Ξενοδοκεῖα
799 2877 873 2937 καθ’
896 2875 1027 2948 ἑκάστην
1047 2878 1133 2937 πόλιν
1151 2880 1348 2949 κατάστησον
1358 2879 1466 2946 πυκνά,

295 2970 328 3028 ’ἶν’
369 2971 579 3030 ἀπολαύσωσιν
614 2974 637 3028 οἱ
674 2969 747 3049 ξένοι
780 2979 835 3040 τῆς
865 2974 936 3047 παρ’
970 2975 1052 3049 ἡμῶν
1083 2979 1315 3055 φιλανθρωπίας,
1346 2971 1378 3033 ού
1408 2982 1468 3034 τῶν

295 3066 444 3142 ἡμετέρων
465 3065 562 3142 μένον,
584 3065 666 3124 ἀλλά
687 3065 735 3127 καὶ
755 3065 856 3126 ἀλλων
877 3066 958 3137 έστις
979 3067 1015 3127 ἀν
1035 3066 1159 3157 ἐνδεηθῇ
1171 3072 1345 3150 χρημάτων.
1369 3069 1468 3133 Ὅθεν

296 3160 328 3223 δέ
349 3161 524 3237 εὐπορήσεις,
545 3158 721 3231 έπινενέηταί
741 3183 791 3238 μοι
811 3160 892 3232 τέως.
914 3164 1042 3226 ἑκάστου
1062 3164 1124 3241 γὰρ
1146 3164 1272 3226 ἐνιαυτοῦ
1282 3171 1468 3244 τρισμυρίους

297 3259 414 3336 μοδίους
445 3258 526 3322 κατά
547 3266 650 3318 πᾶσαν
670 3256 724 3322 τὴν
748 3258 905 3319 Γαλατίαν
927 3257 1066 3324 ἐκέλευσα
1086 3262 1209 3329 δοθῆναι
1229 3266 1313 3322 σίτου
1332 3261 1380 3325 καί
1401 3261 1467 3344 ἐξα-

298 3359 465 3432 κισμυρίους
497 3357 567 3414 οἴνου
592 3353 716 3434 ξέστας·
748 3345 785 3411 ὧν
806 3351 841 3414 τέ
862 3353 918 3432 μὲν
938 3358 1080 3434 πέμπτον
1102 3361 1139 3428 είς
1159 3357 1228 3428 τούς
1247 3358 1377 3429 πένητας
1397 3360 1467 3429 τούς

297 3463 358 3523 τοῖς
390 3455 507 3526 ἱερεῦσιν
538 3449 785 3525 ύπηρετουμένους
805 3449 1025 3513 ἀναλίσκεσθαί
1044 3473 1117 3533 φημι
1137 3459 1250 3532 χρῆναι,
1271 3450 1310 3510 τά
1331 3449 1364 3512 δέ
1383 3455 1466 3515 ἀλλα

299 3559 360 3619 τοῖς
392 3548 481 3628 ξένοις
510 3546 640 3614 καὶτοῖς
671 3552 859 3622 μεταιτούσιν
889 3545 1083 3624 ἐπινέμεσθαι
1103 3550 1173 3625 παρ’
1194 3551 1286 3624 ἡμῶν.
1334 3550 1467 3632 Αίσχρὸν

295 3646 366 3721 γὰρ,
398 3647 423 3704 εἰ
453 3651 512 3703 τῶν
543 3638 599 3718 μέν
623 3640 764 3702 Ἰουδαίων
784 3640 872 3714 ούδεὶς
892 3654 1036 3720 μεταιτεῖ,
1058 3647 1193 3727 τρέφουσι
1212 3643 1244 3707 δέ
1264 3651 1289 3705 οἱ
1308 3646 1468 3724 δυσσεβεῖς

296 3744 451 3804 Γαλιλαῖοι
481 3738 556 3814 πρὸς
590 3747 651 3807 τοῖς
676 3737 784 3798 ἑαυτῶν
804 3740 853 3802 καὶ
882 3740 950 3810 τοὺς
969 3742 1135 3818 ἡμετέρους,
1157 3747 1180 3802 οἱ
1200 3740 1232 3804 δὲ
1252 3743 1388 3820 ἡμέτεροι
1410 3752 1467 3812 τῆς

295 3841 366 3916 παρ’
396 3840 479 3914 ἡμῶν
509 3833 669 3909 ἐπικουρίας
698 3832 798 3904 ἐνδεεῖς
828 3841 982 3915 φαίνονται.
1005 3839 1139 3903 Δίδασκε
1159 3837 1258 3902 δὲκαὶ
1278 3839 1468 3921 συνεισφέρειν

295 3935 363 4004 τούς
388 3931 594 4004 Ἑλληνιστάς
625 3929 663 3998 εἰς
690 3929 745 3998 τὰς
766 3932 904 4001 τοιαύτας
923 3938 1114 4010 λειτουργίας,
1136 3935 1184 3999 καὶ
1204 3933 1261 4005 τὰς
1286 3934 1467 4005 Ἑλληνικὰς

294 4033 399 4107 κώμας
420 4029 621 4107 ἀπάρχεσθαι
641 4035 702 4096 τοῖς
722 4033 802 4094 θεοῖς
823 4035 881 4086 τῶν
901 4038 1031 4104 καρπῶν,
1051 4032 1101 4095 καί
1117 4031 1185 4102 τούς
1198 4030 1390 4104 Ἑλληνικούς
1400 4041 1467 4099 ταῖς

295 4128 443 4195 τοιαύταις
474 4121 597 4193 εὐποίαις
627 4123 789 4201 προσέθιζε
810 4147 830 4180 e.
855 4149 877 4196 q.
905 4131 940 4181 ιβ’
967 4133 1004 4182 cf.
1030 4135 1101 4184 etium
1120 4135 1230 4193 Boissier,
1247 4135 1281 4184 In
1296 4134 1331 4183 fin
1347 4134 1378 4183 du
1397 4151 1466 4200 pagn-

295 4225 378 4282 nisme,
398 4224 411 4273 l
432 4238 485 4288 pag.
504 4221 559 4270 142.
593 4222 647 4284 Ipso
664 4223 735 4271 morlo
752 4224 799 4273 iam
817 4224 898 4273 monui
923 4227 984 4289 (pag.
1004 4226 1028 4284 8)
1045 4227 1189 4289 quantopere
1206 4225 1233 4274 in
1250 4224 1348 4288 antiquo
1364 4223 1466 4290 imperio

296 4309 404 4357 Romano
421 4305 601 4369 neglegerentur
618 4307 739 4355 commoda
755 4323 836 4356 eorum
854 4306 895 4372 qui
913 4308 976 4356 cives
991 4324 1038 4357 uon
1056 4315 1134 4358 essent
