3040 5134
856 559 920 624 108

298 733 326 799 si
359 733 486 816 itaest,
511 735 661 802 vexilla
684 735 884 819 Aristotelis,
909 735 1150 824 quamprimo
1177 737 1317 822 aspectu
1340 736 1378 798 ut
1401 736 1458 798 sto
1507 737 1508 744 ’

297 846 405 913 lidam
427 869 465 914 ac
489 870 594 936 prope
618 850 800 934 vecordem
823 856 918 917 tanto
942 851 1016 918 viro
1038 850 1219 935 indignam
1241 847 1387 914 iudicare
1410 867 1459 912 ve·

298 959 411 1043 limus,
446 983 516 1028 non
550 962 698 1050 amplius
736 963 825 1030 mira
855 962 953 1030 nobis
976 963 1121 1031 videtur.
1171 961 1383 1049 „Optima
1404 981 1459 1024 ra-

300 1074 1142 1144 tioneomnibusinodioestratio
1171 1073 1457 1152 feneratrix,
1508 1101 1509 1120 r

300 1187 425 1275 quod
459 1188 513 1256 ab
546 1190 653 1278 ipso
680 1211 820 1257 numo
846 1185 1456 1279 quaestusfiatctnonad

302 1322 441 1388 quam
471 1324 568 1369 rem
600 1311 805 1391 paratus
838 1312 911 1371 est
945 1308 1199 1399 usurpent.
1228 1305 1459 1389 permuta·

301 1415 458 1481 tionis
490 1417 617 1483 enim
650 1419 815 1503 gratia
849 1424 995 1485 natus
1029 1423 1111 1500 est,
1147 1417 1459 1483 fenusautem

303 1532 1009 1619 eumaugetetmultiplicat.''
1036 1529 1062 1619 1)

347 1641 537 1709 Aristotelis
559 1644 664 1711 verba
688 1667 730 1711 ne
754 1667 848 1712 nunc
872 1646 1013 1733 quidem
1036 1665 1174 1732 prorsus
1196 1642 1366 1709 refrixisse
1385 1639 1458 1706 dixi.
1509 1671 1510 1684 r

303 1755 399 1822 Licet
433 1757 526 1823 enim
561 1757 697 1825 Caluini
730 1759 950 1844 sagacitatem
973 1759 1184 1824 admiremur
1206 1756 1371 1843 facileque
1392 1774 1460 1819 con-

302 1869 464 1936 cedamus
486 1871 551 1938 hac
575 1893 713 1960 quoque
736 1873 774 1938 in
797 1895 832 1939 re
856 1873 1100 1960 antiquitatem
1116 1870 1212 1938 haud
1225 1890 1397 1958 quaquam
1408 1887 1459 1932 no·

304 2173 405 2232 sarbota,
432 2175 471 2223 die
487 2175 700 2238 Unproductivitiit
717 2175 756 2223 dea
773 2175 858 2224 Geldes
874 2174 1060 2239 proklamireud,
1077 2175 1189 2239 aprechen
1206 2173 1261 2222 dem
1278 2173 1367 2238 Begriti
1381 2173 1416 2220 dea
1430 2170 1459 2217 im

303 2256 365 2306 Gold
382 2255 541 2313 enthaltenen,
558 2258 713 2321 productivcn
731 2258 848 2317 Werthes,
866 2259 920 2307 dem
930 2258 1034 2322 Kapital,
1045 2258 1083 2306 die
1092 2258 1202 2306 Existenz
1210 2256 1265 2306 ab.'’
1275 2255 1337 2305 Ibid.
1346 2271 1394 2320 pag.
1404 2252 1459 2302 112:

305 2341 369 2404 „Der
395 2340 602 2388 Getraucluwerth
628 2341 669 2389 der
694 2341 783 2390 Sacheu
808 2342 871 2390 steht
887 2342 1038 2390 eutachiedcn
1055 2341 1091 2389 im
1108 2340 1290 2403 Vordergrunde
1307 2340 1348 2388 der
1364 2335 1458 2386 Betrach·

304 2427 370 2486 tung,
388 2424 444 2472 oder
460 2423 579 2472 viclmehr
596 2440 621 2472 er
638 2424 670 2472 ist
686 2425 728 2472 der
745 2425 836 2488 eiuzige
853 2426 1001 2489 Gegenstand
1018 2426 1060 2474 der
1076 2423 1258 2487 Betrachtung.''
1278 2423 1339 2472 Ibid.
1349 2438 1397 2486 pag.
1405 2421 1458 2468 135:

306 2507 378 2570 „Nun
395 2506 427 2554 ist
440 2505 577 2570 dargestellt
593 2508 694 2564 worden,
712 2508 756 2555 wie
770 2508 811 2556 das
828 2508 967 2556 canoniache
980 2509 1054 2556 Recht
1071 2524 1138 2570 cogar
1155 2507 1189 2556 im
1207 2505 1281 2554 Geide
1298 2506 1336 2554 die
1350 2501 1459 2554 Producti-

305 2590 365 2638 vitet
390 2588 546 2652 vcrleugnete.
580 2591 613 2638 Es
638 2591 782 2640 vernichtete
805 2592 850 2639 den
875 2592 970 2640 wahren
999 2591 1088 2655 Begriff
1109 2592 1149 2639 des
1166 2589 1279 2654 Capitale,
1297 2591 1320 2638 d.
1334 2589 1357 2637 h.
1375 2588 1411 2636 des
1426 2599 1460 2633 zur

304 2672 451 2721 Production
468 2672 624 2721 benutzbaren
643 2674 691 2721 und
709 2674 780 2722 daher
797 2690 827 2722 zu
849 2674 926 2722 ciuem
944 2674 1077 2737 Miethgeld
1093 2674 1132 2722 fiir
1149 2673 1213 2721 aeine
1232 2667 1461 2735 Benutzungberech·
1511 2673 1512 2736 J

305 2755 380 2819 tigten
397 2755 504 2804 Werthes
522 2755 594 2805 selbot
611 2757 636 2805 in
658 2757 711 2805 dem
728 2757 827 2805 Gelde.''

341 2838 359 2897 ¹)
385 2837 422 2886 cf.
439 2839 510 2886 etiarn
527 2839 628 2902 Lndwig
644 2838 720 2897 Felix,
742 2839 790 2888 Der
807 2840 912 2888 Eiufluss
921 2841 963 2889 der
971 2841 1047 2888 Sitten
1058 2838 1107 2888 und
1116 2838 1253 2888 Gabriiuche
1261 2839 1304 2887 aus
1311 2833 1461 2886 dieEutwick.

306 2922 330 2969 d.
356 2921 474 2982 Eigenth„
492 2937 543 2985 pag.
564 2922 624 2969 51:-
645 2922 702 2985 „Bai
720 2924 798 2986 weuig
814 2923 979 2972 entwickelten
1005 2921 1230 2972 wirthechastlichen
1249 2921 1421 2970 Verhffltniaaen
1437 2918 1463 2964 ist

307 3004 344 3052 die
370 3003 543 3068 Berechtigung
567 3006 606 3052 des
632 3005 832 3054 Zinsennehmens
856 3007 926 3055 kaurn
953 3005 1064 3055 fessbar.’'
1092 3007 1144 3054 Duo
1161 3009 1278 3068 praeterea
1294 3004 1392 3052 notanda
1408 3003 1462 3048 sunt.

308 3087 398 3144 Unum,
424 3087 533 3150 antiquos
558 3086 659 3150 populos
676 3091 699 3136 et
715 3087 792 3136 licitas
810 3093 833 3138 et
850 3090 944 3153 iniquas
959 3105 1041 3138 usuras
1057 3089 1214 3137 unonominc
1230 3087 1356 3152 appellare.
1380 3083 1463 3134 Graecis

306 3185 374 3230 eraut
400 3169 556 3246 δανεισμὸς
582 3187 605 3232 et
625 3170 722 3239 τόκος,
740 3184 834 3233 Latinis
854 3187 949 3249 scema
975 3188 998 3233 ct
1023 3200 1104 3243 amera,
1122 3183 1235 3232 Hebraeis
1255 3190 1358 3259 ntg'pp,
1376 3188 1466 3257 ΠᾞἾῇ,

307 3317 375 3399 W),-
405 3320 440 3368 Ne
467 3323 576 3368 nostrum
601 3320 698 3385 quidem
724 3320 866 3370 vocabulum
893 3323 982 3371 wacker
1008 3321 1046 3371 vel
1072 3321 1216 3370 Germanum
1249 3317 1346 3368 Wacker
1368 3317 1424 3366 olim
1439 3314 1467 3361 ita

309 3454 430 3511 dicebatur
455 3460 482 3504 ut
507 3456 534 3504 in
560 3456 621 3505 vitio
646 3457 744 3506 uomina
769 3458 826 3506 haec
851 3461 934 3507 essent.
970 3459 1130 3507 Reminiacere
1155 3474 1175 3506 c.
1192 3474 1215 3521 g.
1234 3456 1322 3505 Matth.
1340 3454 1408 3510 XXV,
1426 3450 1467 3504 275

310 3539 367 3586 Luc.
393 3538 458 3597 XIX,
484 3539 524 3588 23.
547 3539 609 3588 Turn
638 3538 664 3587 iu
693 3540 746 3588 istis
772 3541 911 3589 nominibus
938 3541 1056 3605 plerisque
1082 3540 1177 3604 proprie
1206 3540 1268 3587 inest
1295 3539 1359 3587 notio
1381 3533 1468 3588 rabolis,

311 3633 336 3681 in
363 3633 448 3691 verbis,
474 3636 536 3683 unde
561 3636 706 3693 derivantur,
728 3636 850 3698 pariendi.
886 3638 922 3686 Ita
947 3625 1034 3692 τόκος
1060 3654 1073 3685 a
1098 3627 1199 3692 τίκτω,
1224 3636 1339 3700 jiukam
1364 3650 1377 3682 a
1401 3631 1412 3659 *
1429 3632 1468 3696 seo

308 3717 401 3786 (setus),
427 3725 524 3794 nim
540 3721 652 3797 (ntg'qu)
678 3734 692 3766 a
717 3727 777 3778 rm
803 3721 974 3785 multiplicatur
999 3725 1042 3777 est,
1068 3719 1156 3784 Hiphii
1184 3720 1281 3767 mullum
1304 3717 1377 3782 fecit,
1401 3715 1470 3764 itaut

310 3844 405 3916 iiim
430 3814 525 3903 proprie
542 3839 659 3903 significet
675 3841 809 3898 multitudo,
824 3842 969 3904 maniaco,
988 3840 1179 3896 deinde-autom,
1189 3839 1356 3888 incrementum
1367 3835 1468 3900 sanitae,

310 3958 366 4006 iude
381 3959 471 4022 faenus
487 3960 554 4023 quasi
571 3976 674 4008 summae
689 3961 803 4025 capitalia
820 3963 992 4010 incrementum.
1027 3961 1109 4024 Neque
1131 3959 1201 4008 aliter
1220 3957 1306 4021 Kluge,
1324 3953 1470 4020 Etymit'tr·

217 4030 227 4058 '¹
312 4041 371 4089 terb.
389 4043 412 4089 d.
430 4042 557 4091 deutschen
574 4043 694 4106 Sprachc⁶,
712 4061 729 4092 s.
748 4061 770 4092 v.
795 4045 908 4093 Wuclter:
927 4045 988 4109 „Die
1008 4044 1061 4092 ahd.
1092 4042 1156 4092 mhd.
1184 4041 1325 4104 Bedeutung
1343 4037 1470 4088 ‘Nachlron-

312 4125 451 4173 menachaft'
487 4127 554 4174 weist
584 4128 628 4175 auf
653 4127 706 4175 eina
730 4143 803 4190 germ.
836 4129 886 4176 Wz.
904 4128 955 4176 wak
973 4127 1110 4183 ‘entstehen
1128 4123 1251 4189 tragen.'''
1283 4124 1355 4188 Quod
1371 4131 1471 4173 nummus

313 4211 392 4257 autem
409 4224 536 4257 nummum
550 4214 648 4274 pareret
664 4213 687 4258 et
703 4211 840 4274 antiquitati
858 4213 882 4260 et
898 4211 988 4260 mediae
1004 4211 1073 4260 aetati
1091 4208 1215 4259 videbatur
1232 4211 1329 4257 naturae
1346 4217 1470 4271 repugnare.

314 4290 351 4339 Of.
369 4307 435 4355 pagg.
455 4291 511 4350 104,
531 4292 586 4341 106.
