3122 5130
634 577 676 644 73

463 757 636 836 „Libertas
659 759 818 844 pauperis
840 758 925 824 haec
948 764 1017 824 est:

157 869 323 935 Pulsatus
346 875 442 954 rogat
465 875 499 936 et
518 871 644 957 pugnis
666 872 820 937 concisus
843 871 970 952 adorat,

157 983 207 1048 Ut
230 982 335 1049 liceat
357 984 474 1069 paucis
497 1005 576 1049 cum
597 984 756 1050 dentibus
778 985 858 1051 inde
882 975 1038 1052 reverti.''
1064 983 1089 1071 ¹)

69 1094 178 1160 Immo
206 1117 252 1162 ne
278 1096 402 1162 clausis
426 1096 568 1183 quidem
591 1097 749 1163 domibus
770 1098 1002 1185 obseratisque
1016 1097 1165 1163 tabernis
1180 1098 1242 1162 mi-

73 1208 135 1272 seri
157 1216 301 1292 egentes
325 1210 391 1275 tuti
415 1216 532 1275 erant:

162 1321 256 1401 „Nec
280 1329 399 1388 tamen
421 1323 504 1389 haec
528 1329 665 1389 tantum
687 1331 828 1391 metuas
853 1346 935 1390 nam
960 1326 1019 1412 qui
1042 1325 1163 1412 spoliet
1185 1331 1218 1390 te

159 1435 241 1500 Non
266 1436 363 1517 derit,
394 1435 515 1502 clausis
538 1437 696 1529 domibus
719 1444 901 1525 postquam
924 1438 1035 1504 omnis
1058 1438 1185 1525 ubique

159 1548 250 1614 Fixa
274 1556 448 1615 catenatae
472 1549 566 1615 siluit
587 1571 754 1637 compago
776 1551 947 1617 tabernae.
1038 1551 1041 1560 ’

158 1660 345 1727 Interdum
372 1668 405 1727 et
428 1664 515 1728 ferro
539 1663 670 1730 subitus
692 1671 860 1749 grassator
883 1665 954 1750 agit
979 1686 1091 1730 reme.
1105 1686 1137 1751 q.
1151 1666 1197 1730 s.''
1216 1663 1242 1751 8)

75 1772 116 1836 Et
145 1774 172 1839 si
207 1776 297 1842 forte
321 1775 472 1842 infelices
488 1798 586 1841 suam
602 1784 839 1864 paupertatem
863 1800 1002 1844 omnem
1025 1779 1244 1865 perdiderant

75 1884 241 1970 incendio,

758 2004 928 2084 „Ultimus
951 2010 1067 2070 autem

160 2113 361 2181 Aerumnae
386 2123 435 2181 est
457 2116 626 2198 cumulus,
652 2119 743 2204 quod
755 2119 890 2183 nudum
902 2124 935 2184 et
946 2119 1052 2183 frusta
1064 2124 1244 2203 rogantem

158 2227 274 2293 Nemo
297 2227 382 2310 cibo,
407 2251 509 2295 nemo
532 2230 679 2317 hospitio
701 2237 858 2318 tectoque
881 2231 1045 2298 iuvabit.''
1070 2229 1096 2318 9)

78 2334 137 2403 His
160 2341 324 2407 omnibns
347 2351 538 2409 commotus
560 2344 735 2410 Iuvenalis
758 2345 837 2410 satis
861 2366 996 2410 amare:

758 2458 926 2543 „Agmine
950 2458 1038 2523 facto

159 2567 362 2634 Debuerant
384 2569 467 2635 olim
490 2576 609 2636 tenues
633 2572 794 2656 migrasse
818 2572 998 2651 Quirites.''
1024 2571 1050 2658 ⁴)

117 2670 166 2736 De
204 2673 388 2753 „tenuibus
410 2675 622 2754 Quiritibus''
647 2677 837 2761 generatim
862 2677 932 2761 agit
954 2676 1138 2742 Iuvenalis.
1167 2677 1244 2740 Iam

78 2801 152 2849 vero
186 2767 355 2852 Martialis
386 2787 451 2854 loci
474 2810 559 2875 quos
585 2789 622 2853 in
646 2796 760 2855 mente
784 2789 963 2871 habebam,
988 2811 1068 2855 cum
1092 2790 1243 2854 maxime

79 2898 244 2978 pertinent
267 2901 312 2965 ad
334 2922 391 2966 eos
413 2902 472 2988 qui
502 2902 546 2967 ad
569 2908 766 2968 extremum
790 2903 924 2989 inopiae
938 2902 1245 2970 venissentuitam-

80 3028 139 3092 que
162 3013 392 3080 mendicando
412 3014 554 3081 tolerare
579 3017 686 3082 coacti
709 3022 829 3082 essent.

119 3123 234 3211 Epigr.
270 3127 351 3208 XII,
386 3129 429 3193 32
463 3129 596 3213 egregie
631 3129 786 3214 depingit
814 3129 1044 3194 miserandam
1067 3129 1244 3194 cuiusdam

82 3233 140 3300 viri
173 3245 310 3320 sortem,
342 3241 398 3306 oui
421 3263 482 3327 pro
506 3241 726 3308 habitationis
749 3243 903 3308 mercede
927 3248 1016 3307 retro
1040 3241 1154 3307 debita
1176 3264 1245 3307 me-

81 3343 193 3416 liorem
229 3352 447 3438 supellectilis
482 3361 615 3440 partem
638 3354 765 3421 locator
788 3356 913 3442 pignus
936 3354 1130 3420 abstulerat.
1176 3355 1244 3420 Res

82 3479 151 3526 suas
183 3464 303 3531 tollere
336 3473 370 3531 et
392 3466 499 3532 alium
522 3466 637 3533 locum
660 3490 821 3555 quaerere
840 3469 959 3549 iussus,
985 3468 1088 3534 miser
1109 3467 1165 3533 ille
1189 3468 1243 3533 vir

81 3573 182 3642 tribus
217 3578 419 3645 mulieribus
453 3581 633 3646 comitatus
667 3581 834 3647 Kalendis
856 3581 953 3647 Iuliis
977 3582 1002 3667 ὅ)
1026 3582 1241 3646 fortunarum

81 3768 264 3787 ²5——

112 3879 127 3941 ¹)
151 3885 211 3934 lbid.
234 3902 268 3934 vs.
288 3887 335 3936 299
354 3904 417 3951 seqq.

108 3963 125 4022 ²)
149 3967 208 4018 lbid.
226 3985 261 4017 vs.
284 3970 332 4018 302
350 3987 413 4034 seqq.

109 4045 126 4105 3)
150 4050 209 4101 lbid.
227 4068 262 4101 vs.
281 4053 329 4101 909
349 4070 411 4117 seqq.

110 4129 127 4188 ⁴)
151 4133 209 4182 lbid.
228 4151 262 4183 vs.
282 4136 329 4184 loa
348 4152 395 4200 seq.

111 4211 128 4270 5)
151 4215 182 4264 Ut
207 4219 269 4282 apud
295 4235 337 4266 nos
364 4219 477 4268 Kalendis
504 4219 574 4277 Mais,
599 4202 633 4267 ita
655 4221 742 4268 Romae
759 4220 872 4268 Kalendis
890 4219 961 4268 Iuliis
978 4237 990 4268 e
1006 4218 1127 4267 conductis
1144 4218 1240 4267 oedibus

82 4291 218 4355 migrabatur.
