3084 5128
635 607 700 674 285

127 785 218 854 caes.
242 785 281 854 B.
306 785 348 853 G.
371 785 433 868 VI,
458 785 512 868 24,
534 786 577 853 4:
1199 857 1201 866 ,

171 899 302 980 „Nunc
326 899 492 988 qnoniam
514 899 550 964 in
573 899 694 965 eadem
716 899 844 987 inopia,
856 903 1016 984 egestate,
1029 899 1205 986 patientia,

128 1033 194 1099 qua
216 1019 298 1095 ente,
322 1011 489 1079 Germani
511 1018 749 1100 permanent.”

126 1124 315 1192 eiecerit.
338 1125 384 1208 II,
410 1125 462 1208 11,
488 1126 551 1192 24:
1167 1193 1169 1198 .

129 1239 266 1325 „Neque
300 1260 364 1326 ego
397 1245 526 1306 ceteras
559 1239 683 1327 copiae,
718 1245 933 1322 ornamenta,
956 1239 1128 1327 praesidia
1152 1262 1206 1308 ve·

123 1358 190 1418 stra
223 1373 304 1420 cnm
330 1352 423 1420 illins
445 1352 588 1420 latronis
610 1353 727 1440 inopia
751 1360 855 1441 atquc
879 1359 1027 1440 egestate
1053 1355 1207 1422 conferre

123 1465 262 1534 debe0.''

123 1579 211 1646 Plin.
235 1579 300 1668 np.
323 1579 406 1659 IIII,
431 1581 484 1662 18,
513 1581 555 1645 l:

168 1694 311 1782 „Inopia
332 1715 371 1761 ac
394 1694 518 1781 potius,
542 1697 582 1760 ut
603 1695 784 1762 Lucretius
807 1695 864 1778 ait,
889 1701 1038 1782 egestate
1063 1695 1167 1783 patrii
1182 1717 1249 1764 ser·

32 1853 36 1859 -
126 1808 271 1876 monis.'’

125 1921 217 1989 Suet.
240 1922 332 1988 Nero
355 1923 396 1988 6:

135 2072 138 2078 ,
169 2036 302 2117 „Paene
329 2036 429 2122 inops
448 2041 552 2123 atque
575 2037 712 2122 egem?

124 2149 174 2216 Id.
198 2150 250 2216 Dc
273 2150 429 2216 Gramm.
454 2150 495 2216 8:

169 2263 286 2344 „Adeo
308 2263 408 2350 inops
431 2269 534 2350 atque
560 2270 697 2348 egens.”

121 2377 230 2444 Paulo
264 2376 363 2444 aliter
397 2398 449 2443 ree
483 2398 517 2444 sa
549 2375 654 2444 habet
676 2378 713 2442 in
733 2376 807 2443 leco
831 2376 903 2444 Cic.
928 2377 980 2444 De
1005 2377 1119 2444 Amic.
1143 2378 1174 2456 9,
1198 2378 1252 2458 29,

79 2490 138 2557 ubi
166 2490 336 2576 legimus:

114 2604 335 2692 „(Amicitia‚)
347 2602 452 2691 quam
465 2626 508 2671 ex
520 2604 637 2691 inopia
649 2609 752 2692 atque
764 2603 958 2690 indigentia
971 2610 1089 2672 natam
1097 2603 1250 2674 volunt.”

78 2718 132 2786 Ibi
166 2741 228 2807 pro
262 2725 393 2805 mactate
424 2717 602 2785 invenitur
623 2717 812 2804 indicantia.
858 2718 1029 2804 Magnum
1051 2719 1142 2786 inter
1165 2719 1251 2787 haec

79 2833 147 2901 duo
181 2831 397 2900 substantiva
430 2831 613 2898 discrimen
645 2852 715 2897 non
751 2831 943 2898 intercedit.
988 2831 1056 2898 Per
1088 2839 1252 2918 eycetctcm

81 2947 189 3032 magis
208 2946 364 3014 condicio
392 2945 623 3013 laborantium
647 2950 786 3033 propter
809 2951 1058 3033 paupertatem,
1082 2967 1143 3032 per
1164 2945 1252 3012 aedt-

78 3063 221 3144 9cnticm
247 3061 361 3147 potius
383 3060 590 3126 desiderium
614 3059 753 3126 illarum
778 3080 903 3138 rerum,
928 3057 1053 3146 quibus
1076 3059 1137 3126 vix
1160 3080 1252 3127 care·

81 3195 165 3258 mus,
190 3174 327 3244 videtur
350 3174 532 3259 designari.
557 3171 584 3261 ¹)

123 3403 198 3469 Iam
233 3403 262 3468 si
294 3403 387 3489 inope
420 3408 454 3468 ct
475 3403 590 3490 inopia
613 3423 693 3468 cum
717 3401 858 3470 vocibus
877 3425 1002 3490 pauper
1025 3408 1058 3468 et
1080 3392 1254 3489 paupertas

82 3516 298 3598 conferimus,
322 3536 458 3582 summa
482 3515 613 3582 catilla
636 3515 690 3582 his
713 3515 822 3582 multo
846 3516 1013 3583 maiorem
1026 3515 1099 3584 vim
1112 3514 1249 3582 habere.

82 3627 180 3707 Quod
203 3629 284 3696 satie
307 3634 402 3716 patet
424 3651 442 3695 e

124 3742 217 3810 Suet.
240 3743 396 3809 Gremm.
421 3744 484 3810 11:

172 3856 291 3939 „Vixit
325 3856 368 3922 ad
400 3855 593 3924 extremam
616 3860 799 3938 senectam,
823 3854 882 3922 scd
906 3854 942 3919 in
967 3874 1103 3920 summa
1126 3875 1207 3940 pau-

127 3971 229 4056 perie,
253 3976 287 4037 et
309 3991 395 4056 pene
418 3969 567 4059 inopia.”

6 4137 7 4152 ,
128 4083 204 4152 Val.
228 4085 323 4151 Man.
346 4084 430 4167 IIII,
455 4087 485 4168 8,
510 4085 552 4150 2:

90 4241 277 4255 —·——-—-—

120 4331 136 4392 ¹)
169 4331 206 4383 Cf.
223 4331 329 4392 Schultz,
346 4331 397 4382 Lat.
414 4330 570 4396 synonymik.
