3040 5134
847 566 912 632 152

292 742 357 809 nisi
394 747 470 830 post
507 742 750 829 professionem
784 749 819 810 et
851 749 994 834 ἐξέτασιν.
1041 743 1142 811 Cavit
1174 743 1231 811 lex
1255 767 1298 811 ne
1321 743 1450 831 professi

291 862 369 922 ante
408 855 685 923 subsortitionem
708 858 791 944 (quo
814 859 902 924 facta
925 858 1068 925 nomina
1090 858 1288 924 sortitorum
1312 880 1354 924 ex
1378 856 1446 922 albo
1510 915 1511 952 ,

291 966 349 1034 illo
384 967 517 1035 sublata
551 990 621 1035 esse
656 976 924 1038 consentaneum
954 974 1017 1058 est)
1040 971 1256 1037 frumentum
1281 970 1448 1058 publicum

292 1081 502 1168 acciperent;
528 1103 633 1169 quare
656 1091 882 1171 corruperunt
905 1084 1027 1168 legem,
1051 1105 1122 1150 non
1146 1084 1379 1165 emendarunt,
1395 1083 1449 1169 qui

292 1195 445 1261 fortiores
480 1217 585 1281 quam
619 1197 855 1283 prudentiores
890 1220 922 1265 v.
959 1199 999 1264 18
1033 1219 1094 1285 pro
1123 1198 1314 1284 „proposita
1337 1197 1447 1264 erunt’

291 1307 392 1374 scribi
414 1309 584 1375 iusserunt
599 1311 790 1398 „proposita
802 1333 872 1377 non
884 1310 1038 1377 erunt''.''
1053 1309 1079 1397 ¹)
1091 1309 1135 1360 ’-
1148 1311 1259 1396 rogari
1273 1317 1379 1398 potest
1390 1308 1447 1375 tale

290 1421 409 1487 album
432 1443 546 1489 nonne
569 1445 706 1509 prorsus
729 1446 1024 1511 supervacaneum
1035 1426 1192 1490 futurum
1205 1425 1318 1506 fuerit,
1332 1425 1447 1511 quippe

290 1556 371 1600 oum
392 1535 443 1601 illi
465 1534 528 1602 soli
550 1537 752 1624 acciperent,
776 1559 924 1625 quorum
947 1538 1090 1604 nomina
1113 1538 1150 1603 in
1172 1537 1307 1604 tabulas
1340 1537 1446 1604 1708

291 1669 311 1714 a
345 1648 486 1715 Caesare
518 1651 721 1737 compositas
755 1651 861 1718 relato
896 1657 1017 1718 essent.
1052 1651 1079 1738 ⁹)
1125 1651 1238 1730 Quare
1263 1648 1447 1717 Hirschfeld

291 1768 390 1848 putat
419 1763 664 1849 professionem
689 1763 786 1829 illam
809 1787 879 1831 non
902 1765 945 1830 ad
970 1764 1057 1831 solas
1080 1764 1363 1831 frumentationes
1384 1785 1447 1850 per·

292 1875 443 1957 tinuisse,
479 1876 538 1942 sed
564 1898 621 1943 ecs
655 1883 832 1964 spectasse,
859 1878 919 1965 qui
945 1878 1058 1944 Rome
1081 1877 1149 1944 alio
1174 1877 1361 1962 migrarent
1384 1876 1447 1962 qui·

292 2010 357 2076 que
393 1989 498 2074 igitur
525 1993 740 2058 frumentum
762 1992 914 2078 accipere
939 1992 1142 2058 desinerent.
1190 1991 1362 2078 Equidem
1383 2011 1446 2055 rem
1511 2053 1512 2094 ἶ

292 2103 405 2190 potius
439 2104 488 2169 ita
521 2105 669 2188 cogitare
693 2105 809 2186 velim,
834 2127 890 2172 eos
915 2106 974 2193 qui
997 2107 1210 2171 frumentum
1235 2105 1445 2181 vindicarent,
1511 2099 1512 2152 l

292 2222 329 2281 ut
352 2217 413 2303 qui
435 2238 513 2282 rure
537 2217 590 2283 vel
616 2239 660 2282 ex
683 2219 880 2306 municipiis
902 2219 1050 2285 Romam
1074 2218 1271 2302 migrarent,
1286 2217 1352 2298 alii,
1366 2215 1446 2303 apud

291 2330 530 2414 magistratum
574 2331 725 2417 profiteri
760 2332 924 2414 debuisse,
962 2333 1017 2398 cui
1051 2332 1312 2398 diiudicandum
1346 2330 1444 2408 fuerit,

291 2449 408 2508 utrum
431 2464 466 2508 re
492 2465 572 2509 vera
595 2445 648 2510 ius
671 2444 967 2512 haberentneene.
993 2445 1199 2512 Nominibus
1212 2452 1329 2511 autem
1340 2465 1444 2511 eorum

293 2556 352 2642 qui
386 2555 520 2642 probati
555 2563 666 2623 essent
698 2558 735 2622 in
771 2558 848 2624 albo
883 2559 1064 2646 propositis
1098 2581 1142 2625 ex
1172 2558 1239 2624 illis
1262 2581 1282 2625 a
1305 2564 1445 2646 praetore

292 2669 393 2735 fuisse
425 2670 549 2735 factam
574 2670 860 2738 subsortitionem.
907 2674 997 2738 Ante
1021 2673 1111 2738 hanc
1135 2694 1216 2739 vero
1240 2694 1283 2738 ne
1308 2673 1444 2737 frumen-

292 2789 367 2848 tum
390 2783 431 2848 iis
454 2783 721 2865 distribueretur,
752 2785 826 2870 lege
851 2787 1019 2852 sancitum
1044 2787 1146 2852 fuisse
1170 2785 1362 2871 diligenter.
1384 2783 1407 2869 ³)

339 2897 369 2962 d.
416 2897 549 2963 Nature
572 2898 721 2979 tribuum,
742 2921 812 2964 eunt
838 2898 980 2966 Caesarea
990 2901 1121 2986 imperit
1133 2921 1295 2965 1111111111
1308 2898 1444 2965 1111111111.

289 3009 413 3076 Tribus
448 3031 574 3076 nomen
606 3011 704 3077 initio
739 3012 840 3078 fuisse
864 3014 1024 3099 partium,
1048 3013 1085 3077 in
1110 3033 1194 3099 quas
1218 3012 1299 3079 urbs
1322 3020 1356 3078 et
1377 3031 1446 3096 ager

288 3124 466 3189 Romanus
489 3131 575 3189 esset
597 3124 827 3204 distributum,
851 3148 934 3192 mox
956 3127 1063 3213 ipsius
1085 3126 1204 3213 populi
1228 3123 1447 3213 partessigni·

289 3238 441 3303 ficavisse
476 3238 556 3302 satis
590 3243 711 3304 notum
734 3245 802 3320 est;
828 3240 911 3306 item
935 3239 1015 3306 inde
1039 3239 1082 3306 ab
1109 3261 1200 3306 anno
1224 3261 1253 3305 a.
1279 3261 1313 3306 u.
1338 3261 1365 3305 c.
1391 3237 1446 3302 513

289 3352 333 3436 (a.
368 3350 448 3417 (1111.
483 3371 517 3416 n.
550 3352 628 3437 241)
651 3373 770 3417 earum
793 3375 979 3420 numerum
1003 3354 1104 3420 fuisse
1128 3353 1269 3438 triginta
1295 3353 1446 3440 quinque.
1512 3391 1513 3450 y

290 3465 366 3530 Hae
403 3464 511 3530 tribus
545 3466 717 3551 quomodo
752 3487 832 3532 oum
856 3467 1003 3533 civitatis
1026 3468 1136 3533 forma
1158 3466 1365 3532 cohaereant
1386 3483 1445 3529 non

290 3585 482 3594 ——.——-

324 3637 343 3694 ¹)
379 3635 416 3685 lta
439 3635 550 3694 Dirksen,
575 3636 649 3686 Civil.
674 3637 794 3686 Abbaudl.
820 3637 846 3685 11
863 3654 915 3702 pug.
935 3638 982 3686 166
1001 3654 1081 3702 seqq.;
1104 3637 1249 3702 Nipperdey,
1267 3637 1339 3702 Leges
1355 3634 1448 3687 annales,

288 3734 341 3783 pag.
359 3718 399 3768 20.
434 3718 598 3768 coniecturam
625 3720 707 3784 probat
724 3720 840 3778 Karlowa,
858 3721 926 3769 Rom.
945 3720 1107 3784 Rechtsgeech.
1125 3720 1138 3768 Ι
1155 3737 1206 3785 pag.
1226 3721 1274 3768 554
1291 3737 1344 3769 cum
1363 3719 1413 3767 adn.
1430 3715 1449 3762 l.

289 3801 347 3860 Alii,
373 3802 435 3850 inter
456 3819 513 3866 qnos
531 3803 638 3851 Mazoclri
656 3808 678 3852 et
695 3803 805 3867 savigny,
824 3808 937 3869 putarunt
954 3803 963 3852 l
973 3821 986 3851 ο
996 3821 1008 3852 1
1018 3820 1033 3852 1
1043 3820 1059 3868 p
1068 3803 1077 3852 l
1086 3820 1099 3851 a
1108 3804 1134 3852 ti
1144 3819 1158 3852 o
1168 3819 1179 3851 r
1188 3820 1200 3852 e
1210 3819 1228 3862 s,
1246 3804 1288 3868 qui
1306 3803 1392 3851 auxilio
1408 3813 1448 3848 nen

289 3885 427 3948 indigerent,
454 3886 551 3934 nomina
576 3902 618 3934 sua
641 3886 743 3950 profiteri
764 3887 879 3935 debuisse.
914 3889 946 3935 At
962 3903 1004 3935 cnr
1020 3887 1076 3934 haec
1094 3887 1119 3934 in
1136 3885 1189 3934 albo
1207 3887 1356 3950 proponenda
1372 3881 1448 3933 erant?

323 3971 344 4028 ²)
378 3968 414 4016 lta
431 3968 574 4032 Nipperdey,
591 3967 607 4016 l.
626 3968 653 4027 1,,
671 3968 777 4018 Hirachl.
793 3969 809 4017 l.
829 3969 838 4018 l

322 4049 342 4111 ³)
375 4051 463 4099 Notatu
478 4060 537 4100 certe
554 4051 653 4115 dignum
671 4052 838 4116 municipalem
855 4052 915 4101 hanc
932 4052 1006 4117 legem
1025 4053 1095 4101 etiam
1114 4052 1179 4101 urbis
1196 4052 1284 4100 Romae
1301 4055 1384 4100 statum
1401 4046 1449 4097 dili·

288 4138 367 4198 genter
384 4134 510 4190 ordinasse,
528 4135 590 4198 quod
607 4134 646 4198 qui
665 4135 753 4184 factum
771 4136 803 4184 sit
819 4135 861 4184 alii
878 4135 948 4184 aliter
964 4135 1147 4200 explicaverunt.
1174 4134 1211 4184 cf.
1221 4132 1448 4183 Mommsenadhane

289 4217 372 4282 legem.
407 4217 519 4266 Eiusdem
543 4216 601 4281 legis
626 4233 661 4267 va.
689 4217 1275 4283 1111111.,111111111111111111111111
1293 4217 1348 4267 certi
1363 4215 1446 4268 efficere·

289 4305 368 4351 lamen
385 4303 445 4350 certe
462 4316 509 4350 non
526 4303 658 4365 repugnant
674 4300 782 4366 opinioni
799 4317 870 4351 meae.
