3040 5134
596 570 639 634 99

47 750 139 808 -ut
161 749 253 810 recte
277 754 394 812 monet
416 746 543 832 Zumpt
560 745 583 833 ¹)
606 784 649 796 -
676 746 729 827 ,in
755 747 1022 834 possessionibus
1035 747 1204 828 collocari,

49 857 119 942 quia
151 860 330 944 Augustus
365 859 569 946 providerat,
605 881 668 924 nec
692 881 777 945 opus
800 867 872 925 erat
895 861 1044 947 amplius
1066 881 1207 944 magno·

48 992 116 1054 pere
139 993 202 1036 nec
226 972 402 1038 invenitur
424 973 553 1037 factum
578 993 647 1037 esse
672 971 714 1037 ab
738 972 808 1037 ullo
833 995 961 1054 eorum,
978 973 1037 1060 qui
1050 973 1205 1060 proxime

47 1083 281 1168 imperarunt.’'
306 1085 400 1164 Quos
426 1085 454 1150 si
477 1085 723 1171 praetermitto,
748 1107 858 1150 unum
883 1087 1038 1153 Nervam
1061 1086 1206 1172 exeipi0,

47 1197 132 1262 cuius
166 1185 271 1263 etiam
305 1197 373 1264 alia
406 1199 443 1262 in
478 1219 646 1284 pauperes
681 1198 919 1266 benevolentia
957 1199 1099 1265 consilia
1127 1206 1209 1264 nota

48 1316 125 1375 sunt.
160 1309 187 1397 ⁹)
221 1312 321 1377 Idem
347 1312 437 1396 agris
459 1318 573 1378 vetere
600 1333 694 1377 more
718 1313 873 1378 emendis
898 1313 1163 1400 dividendisque
1181 1310 1207 1399 3)

48 1429 195 1506 egentem
229 1424 366 1510 plebem
408 1425 600 1491 consolatus
635 1447 704 1491 esse
737 1426 853 1507 fertur,
894 1427 935 1492 de
971 1448 1040 1514 qua
1073 1448 1109 1491 re
1143 1425 1210 1491 Dio

49 1535 190 1602 Cassius:
226 1547 304 1606 ητοῖς
324 1557 359 1596 τε
379 1539 456 1597 πάνυ
477 1538 580 1608 πένησι
600 1545 660 1597 τῶν
687 1536 837 1614 Ῥωμαίων
857 1536 886 1608 ἐς
907 1539 1028 1618 χιλιάδα
1040 1538 1088 1601 καὶ
1098 1557 1208 1599 πεντα-

47 1651 137 1717 κασίας
168 1649 310 1723 μυριάδας
342 1657 400 1724 γῆς
430 1656 535 1714 κτῆσιν
566 1645 740 1727 ἐχαρίσατο,
772 1647 946 1721 βουλευταῖς
966 1670 1025 1708 τισι
1046 1651 1101 1716 τήν
1121 1668 1155 1707 τε
1180 1647 1212 1705 ἁ-

48 1757 181 1826 γορασίαν
200 1751 296 1812 αὐτῶν
316 1752 365 1815 καὶ
384 1751 439 1818 τὴν
459 1751 597 1828 διανομὴν
617 1752 825 1832 προστάξας.”
838 1755 861 1828 ⁴)

88 1971 212 2050 Quodsi
254 1971 450 2059 quaerimus
492 1993 578 2036 num
619 1993 654 2036 re
690 1971 726 2035 in
762 1970 963 2038 universum
998 1971 1211 2036 considerata

51 2105 88 2148 ex
120 2085 259 2170 agrariis
302 2084 434 2170 legibus
468 2083 749 2170 coloniarumque
782 2083 1044 2149 deductionibus
1073 2089 1211 2168 egentes

51 2197 190 2262 multum
225 2197 397 2263 commodi
430 2198 557 2284 cepisse
582 2197 778 2283 putandum
801 2197 853 2278 sit,
879 2197 907 2262 si
931 2197 1015 2284 quid
1039 2197 1149 2277 vide0,
1175 2197 1211 2261 id

51 2310 108 2374 erit
138 2311 345 2396 negandum.
393 2310 461 2388 Qui
495 2311 532 2375 in
567 2311 688 2396 primis
713 2332 907 2396 pauperum
930 2311 1111 2377 commoda
1139 2317 1210 2376 tue·

51 2421 174 2505 bantur,
200 2424 362 2504 Gracchi,
385 2423 517 2504 Ruilus,
542 2423 613 2509 ipse
639 2423 743 2488 etiam
774 2423 905 2505 Caesar,
930 2446 1049 2490 eorum
1068 2424 1209 2489 consilia

57 2537 188 2603 omnino
224 2543 284 2602 aut
324 2559 450 2621 magna
480 2543 640 2623 exparte
665 2559 824 2623 perversa
848 2543 937 2603 sunt.
973 2538 1169 2603 Pdhlmann
1183 2537 1208 2624 ⁵)

54 2650 170 2716 multos
202 2657 343 2736 egentes
378 2650 421 2716 ab
454 2650 718 2736 imperatoribus
752 2651 790 2715 in
824 2650 972 2716 colonias
996 2651 1115 2716 missos
1138 2672 1208 2716 esse

54 2761 105 2828 ilie
145 2765 285 2851 quidem
309 2763 452 2850 probare
477 2770 629 2844 conatur,
662 2770 697 2828 at
720 2785 807 2850 quae
831 2764 867 2828 in
891 2764 981 2829 hanc
1005 2763 1209 2829 sententiam

54 2877 170 2959 promit
204 2899 299 2942 mera
333 2877 528 2943 coniectura
563 2877 730 2942 nituntur.
777 2878 826 2943 Ut
852 2884 941 2943 recte
965 2898 1045 2943 cum
1069 2877 1104 2943 vi
1128 2898 1210 2964 qua·

52 2987 125 3052 dam
155 2997 272 3055 monet
304 2990 490 3074 Ruggiero,
505 2988 530 3076 6)
561 2989 642 3055 belli
669 2990 884 3076 potissimum
909 2991 1033 3056 rationi
1057 2989 1208 3056 coloniae

51 3102 233 3169 serviebant
245 3126 252 3184 ;
289 3103 342 3168 sin
376 3104 499 3184 minue,
524 3103 559 3167 in
582 3103 624 3169 iis
648 3103 856 3169 deducendis
879 3105 1049 3170 veteranis
1072 3103 1147 3169 loca
1169 3126 1208 3169 ac

52 3214 138 3280 sedes
169 3216 388 3304 parabantur.
434 3217 510 3282 Hac
545 3217 619 3302 ipsa
653 3223 770 3282 tamen
805 3239 840 3282 re
874 3217 1027 3282 coloniae
1063 3238 1208 3301 magnae

51 3327 180 3396 utilitati
213 3336 320 3396 erant.
367 3330 415 3396 Ut
448 3330 606 3396 omittam
630 3330 820 3417 periculum
845 3330 938 3418 quod
961 3330 1138 3396 communi
1160 3353 1211 3396 sa·

52 3439 112 3505 luti
130 3451 290 3530 perpetuo
314 3443 455 3508 instaret
477 3465 498 3508 a
520 3444 690 3511 veteranis
712 3444 750 3508 in
773 3445 899 3509 summi
921 3443 1059 3530 imperii
1072 3443 1211 3510 domici-

51 3552 94 3618 lio
125 3578 160 3622 ac
193 3557 270 3624 sede
307 3557 514 3643 constipatis,
545 3557 690 3622 istorum
712 3557 879 3623 desidiosa
901 3556 1003 3622 turba
1026 3557 1053 3622 si
1077 3557 1210 3623 Romae
1276 3631 1280 3644 Ι

58 3722 240 3736 ,ἣ-

89 3790 134 3849 1)1.
149 3791 166 3841 l.
182 3810 233 3858 pag.
252 3793 299 3842 381
318 3809 366 3857 seq.

85 3870 151 3932 ²)Ci.
167 3877 228 3926 iufra
244 3876 322 3941 Caput
335 3876 363 3924 de
380 3875 508 3924 Alimeutis
526 3875 638 3941 publicis.

87 3953 105 4012 ²)
119 3956 178 4008 Plin.
193 3959 237 4024 up.
255 3959 309 4017 vl1,
327 3958 372 4016 31,
388 3961 411 4007 4.

90 4037 108 4097 ⁴)
122 4039 164 4088 Dic
180 4041 242 4090 Cass.
260 4040 369 4099 LXVIH,
387 4041 411 4100 2,
430 4041 452 4089 1.

93 4118 109 4179 ι)
123 4121 139 4170 l.
154 4122 171 4172 l.
187 4140 237 4189 psg.
257 4123 397 4177 157-160.

91 4202 108 4262 ⁶)
123 4205 146 4254 iu
168 4207 227 4256 Diet.
254 4223 297 4257 suo
313 4207 387 4272 epigr.
406 4223 424 4254 s.
443 4222 465 4254 v.
483 4206 585 4265 colonia,
602 4223 662 4271 quae
679 4204 844 4256 commentatio
861 4205 932 4255 etism
950 4204 1075 4270 seperatim
1093 4205 1120 4254 in
1137 4205 1215 4254 lucem

61 4285 145 4348 prodiit.
169 4289 209 4353 (Le
232 4289 324 4340 colonie
339 4289 380 4339 dei
395 4289 504 4348 Romani,
521 4289 616 4354 spoleto
639 4289 723 4350 1897.)

1086 4379 1128 4445 7*
