<?xml version="1.0" encoding="UTF-8"?>
<!DOCTYPE html PUBLIC "-//W3C//DTD XHTML 1.0 Transitional//EN"
    "http://www.w3.org/TR/xhtml1/DTD/xhtml1-transitional.dtd">
<html xmlns="http://www.w3.org/1999/xhtml" xml:lang="en" lang="en">
 <head>
  <title>
</title>
<meta http-equiv="Content-Type" content="text/html;charset=utf-8" />
  <meta name='ocr-system' content='tesseract 3.04.00' />
  <meta name='ocr-capabilities' content='ocr_page ocr_carea ocr_par ocr_line ocrx_word'/>
</head>
<body>
  <div class='ocr_page' id='page_1' title='image "./depauperumcuraa01essegoog_0051.png"; bbox 0 0 3122 5130; ppageno 0'>
   <div class='ocr_carea' id='block_1_1' title="bbox 834 601 875 663">
    <p class='ocr_par' dir='ltr' id='par_1_1' title="bbox 834 601 875 663">
     <span class='ocr_line' id='line_1_1' title="bbox 834 601 875 663; baseline 0 0"><span class='ocrx_word' id='word_1_1' title='bbox 834 601 875 663; x_wconf 88' lang='grc'>30</span> 
     </span>
    </p>
   </div>
   <div class='ocr_carea' id='block_1_2' title="bbox 217 775 1439 3129">
    <p class='ocr_par' dir='ltr' id='par_1_2' title="bbox 217 775 1439 3022">
     <span class='ocr_line' id='line_1_2' title="bbox 264 775 1435 867; baseline 0.007 -26"><span class='ocrx_word' id='word_1_2' title='bbox 264 775 374 860; x_wconf 88' lang='lat' dir='ltr'>potest</span> <span class='ocrx_word' id='word_1_3' title='bbox 397 776 482 862; x_wconf 91' lang='lat' dir='ltr'>quin</span> <span class='ocrx_word' id='word_1_4' title='bbox 505 775 610 842; x_wconf 89' lang='lat' dir='ltr'>etiam</span> <span class='ocrx_word' id='word_1_5' title='bbox 632 776 784 863; x_wconf 91' lang='lat' dir='ltr'>reliquus</span> <span class='ocrx_word' id='word_1_6' title='bbox 805 799 894 862; x_wconf 88' lang='lat' dir='ltr'>ager,</span> <span class='ocrx_word' id='word_1_7' title='bbox 919 779 990 846; x_wconf 90' lang='lat' dir='ltr'>sive</span> <span class='ocrx_word' id='word_1_8' title='bbox 1014 778 1172 866; x_wconf 86' lang='lat' dir='ltr'>publicus</span> <span class='ocrx_word' id='word_1_9' title='bbox 1196 779 1221 867; x_wconf 88' lang='grc'>1)</span> <span class='ocrx_word' id='word_1_10' title='bbox 1245 788 1327 864; x_wconf 90' lang='lat' dir='ltr'>erat,</span> <span class='ocrx_word' id='word_1_11' title='bbox 1348 783 1435 866; x_wconf 85' lang='lat' dir='ltr'>sive,</span> 
     </span>
     <span class='ocr_line' id='line_1_3' title="bbox 263 887 1437 980; baseline 0.008 -27"><span class='ocrx_word' id='word_1_12' title='bbox 263 894 303 953; x_wconf 92' lang='lat' dir='ltr'>ut</span> <span class='ocrx_word' id='word_1_13' title='bbox 325 888 527 970; x_wconf 77' lang='lat' dir='ltr'>Mommsen,</span> <span class='ocrx_word' id='word_1_14' title='bbox 557 887 584 976; x_wconf 76' lang='lat'>⁹)</span> <span class='ocrx_word' id='word_1_15' title='bbox 607 888 674 970; x_wconf 89' lang='lat' dir='ltr'>alii,</span> <span class='ocrx_word' id='word_1_16' title='bbox 700 896 831 975; x_wconf 90' lang='lat' dir='ltr'>putant,</span> <span class='ocrx_word' id='word_1_17' title='bbox 856 891 893 955; x_wconf 89' lang='lat' dir='ltr'>in</span> <span class='ocrx_word' id='word_1_18' title='bbox 917 893 1093 958; x_wconf 88' lang='lat' dir='ltr'>communi</span> <span class='ocrx_word' id='word_1_19' title='bbox 1117 894 1269 959; x_wconf 90' lang='lat' dir='ltr'>dominio</span> <span class='ocrx_word' id='word_1_20' title='bbox 1283 895 1437 980; x_wconf 82' lang='lat' dir='ltr'>singula·</span> 
     </span>
     <span class='ocr_line' id='line_1_4' title="bbox 263 1003 1433 1092; baseline 0.008 -26"><span class='ocrx_word' id='word_1_21' title='bbox 263 1023 342 1067; x_wconf 92' lang='lat' dir='ltr'>rum</span> <span class='ocrx_word' id='word_1_22' title='bbox 375 1003 540 1086; x_wconf 82' lang='lat' dir='ltr'>gentium,</span> <span class='ocrx_word' id='word_1_23' title='bbox 576 1024 657 1068; x_wconf 87' lang='lat' dir='ltr'>oum</span> <span class='ocrx_word' id='word_1_24' title='bbox 691 1009 724 1069; x_wconf 89' lang='lat' dir='ltr'>et</span> <span class='ocrx_word' id='word_1_25' title='bbox 759 1010 927 1090; x_wconf 88' lang='lat' dir='ltr'>quatenus</span> <span class='ocrx_word' id='word_1_26' title='bbox 954 1006 1108 1092; x_wconf 89' lang='lat' dir='ltr'>privatus</span> <span class='ocrx_word' id='word_1_27' title='bbox 1131 1007 1240 1073; x_wconf 86' lang='lat' dir='ltr'>factus</span> <span class='ocrx_word' id='word_1_28' title='bbox 1264 1009 1315 1089; x_wconf 88' lang='lat' dir='ltr'>sit,</span> <span class='ocrx_word' id='word_1_29' title='bbox 1342 1010 1433 1075; x_wconf 87' lang='lat' dir='ltr'>inter</span> 
     </span>
     <span class='ocr_line' id='line_1_5' title="bbox 263 1114 1431 1204; baseline 0.008 -25"><span class='ocrx_word' id='word_1_30' title='bbox 263 1115 422 1201; x_wconf 88' lang='lat' dir='ltr'>patricios</span> <span class='ocrx_word' id='word_1_31' title='bbox 455 1114 643 1203; x_wconf 90' lang='lat' dir='ltr'>aequaliter</span> <span class='ocrx_word' id='word_1_32' title='bbox 681 1117 724 1181; x_wconf 91' lang='lat' dir='ltr'>sit</span> <span class='ocrx_word' id='word_1_33' title='bbox 758 1117 895 1183; x_wconf 87' lang='lat' dir='ltr'>divisus.</span> <span class='ocrx_word' id='word_1_34' title='bbox 943 1119 991 1186; x_wconf 91' lang='lat' dir='ltr'>Ut</span> <span class='ocrx_word' id='word_1_35' title='bbox 1025 1141 1115 1186; x_wconf 89' lang='lat' dir='ltr'>unus</span> <span class='ocrx_word' id='word_1_36' title='bbox 1150 1121 1194 1186; x_wconf 90' lang='lat' dir='ltr'>ad</span> <span class='ocrx_word' id='word_1_37' title='bbox 1228 1122 1357 1204; x_wconf 88' lang='lat' dir='ltr'>decem,</span> <span class='ocrx_word' id='word_1_38' title='bbox 1383 1123 1431 1188; x_wconf 90' lang='lat' dir='ltr'>sic</span> 
     </span>
     <span class='ocr_line' id='line_1_6' title="bbox 264 1229 1432 1322; baseline 0.007 -28"><span class='ocrx_word' id='word_1_39' title='bbox 264 1230 404 1316; x_wconf 78' lang='lat' dir='ltr'>quintae</span> <span class='ocrx_word' id='word_1_40' title='bbox 428 1229 542 1296; x_wconf 90' lang='lat' dir='ltr'>classis</span> <span class='ocrx_word' id='word_1_41' title='bbox 563 1229 746 1297; x_wconf 79' lang='lat' dir='ltr'>Servianae</span> <span class='ocrx_word' id='word_1_42' title='bbox 770 1251 890 1297; x_wconf 89' lang='lat' dir='ltr'>census</span> <span class='ocrx_word' id='word_1_43' title='bbox 913 1232 957 1298; x_wconf 91' lang='lat' dir='ltr'>ad</span> <span class='ocrx_word' id='word_1_44' title='bbox 980 1233 1111 1320; x_wconf 84' lang='lat' dir='ltr'><strong>primae</strong></span> <span class='ocrx_word' id='word_1_45' title='bbox 1136 1241 1216 1316; x_wconf 87' lang='lat' dir='ltr'>erat,</span> <span class='ocrx_word' id='word_1_46' title='bbox 1243 1257 1330 1322; x_wconf 90' lang='lat' dir='ltr'>qnae</span> <span class='ocrx_word' id='word_1_47' title='bbox 1345 1237 1432 1302; x_wconf 91' lang='lat' dir='ltr'>ratio</span> 
     </span>
     <span class='ocr_line' id='line_1_7' title="bbox 261 1342 1433 1436; baseline 0.007 -28"><span class='ocrx_word' id='word_1_48' title='bbox 261 1365 341 1410; x_wconf 88' lang='lat' dir='ltr'>sane</span> <span class='ocrx_word' id='word_1_49' title='bbox 365 1343 499 1410; x_wconf 90' lang='lat' dir='ltr'>modica</span> <span class='ocrx_word' id='word_1_50' title='bbox 522 1350 581 1409; x_wconf 90' lang='lat' dir='ltr'>est.</span> <span class='ocrx_word' id='word_1_51' title='bbox 617 1342 721 1429; x_wconf 85' lang='lat' dir='ltr'>Apud</span> <span class='ocrx_word' id='word_1_52' title='bbox 742 1344 941 1411; x_wconf 78' lang='lat' dir='ltr'>Ciceronem</span> <span class='ocrx_word' id='word_1_53' title='bbox 964 1345 990 1433; x_wconf 78' lang='lat'>³)</span> <span class='ocrx_word' id='word_1_54' title='bbox 1013 1345 1180 1432; x_wconf 83' lang='lat' dir='ltr'>legimus:</span> <span class='ocrx_word' id='word_1_55' title='bbox 1208 1349 1322 1428; x_wconf 75' lang='lat' dir='ltr'>,Quae</span> <span class='ocrx_word' id='word_1_56' title='bbox 1359 1349 1433 1436; x_wconf 85' lang='lat' dir='ltr'>(po-</span> 
     </span>
     <span class='ocr_line' id='line_1_8' title="bbox 261 1457 1430 1548; baseline 0.007 -26"><span class='ocrx_word' id='word_1_57' title='bbox 261 1457 368 1522; x_wconf 91' lang='lat' dir='ltr'>tentia</span> <span class='ocrx_word' id='word_1_58' title='bbox 403 1463 539 1523; x_wconf 89' lang='lat' dir='ltr'>senatus</span> <span class='ocrx_word' id='word_1_59' title='bbox 573 1464 675 1545; x_wconf 89' lang='lat' dir='ltr'>atque</span> <span class='ocrx_word' id='word_1_60' title='bbox 710 1459 904 1547; x_wconf 85' lang='lat' dir='ltr'>auctoritas)</span> <span class='ocrx_word' id='word_1_61' title='bbox 939 1465 1056 1525; x_wconf 91' lang='lat' dir='ltr'>tamen</span> <span class='ocrx_word' id='word_1_62' title='bbox 1090 1462 1209 1545; x_wconf 81' lang='lat' dir='ltr'>gravis</span> <span class='ocrx_word' id='word_1_63' title='bbox 1239 1468 1272 1528; x_wconf 92' lang='lat' dir='ltr'>et</span> <span class='ocrx_word' id='word_1_64' title='bbox 1300 1484 1430 1548; x_wconf 86' lang='lat' dir='ltr'>magna</span> 
     </span>
     <span class='ocr_line' id='line_1_9' title="bbox 262 1570 1429 1657; baseline 0.005 -21"><span class='ocrx_word' id='word_1_65' title='bbox 262 1570 470 1652; x_wconf 81' lang='lat' dir='ltr'>remanebat,</span> <span class='ocrx_word' id='word_1_66' title='bbox 494 1571 750 1657; x_wconf 83' lang='lat' dir='ltr'>sapientissimis</span> <span class='ocrx_word' id='word_1_67' title='bbox 773 1579 807 1638; x_wconf 90' lang='lat' dir='ltr'>et</span> <span class='ocrx_word' id='word_1_68' title='bbox 828 1573 1019 1638; x_wconf 84' lang='lat' dir='ltr'>fortissimis</span> <span class='ocrx_word' id='word_1_69' title='bbox 1042 1579 1075 1639; x_wconf 88' lang='lat' dir='ltr'>et</span> <span class='ocrx_word' id='word_1_70' title='bbox 1098 1575 1202 1640; x_wconf 90' lang='lat' dir='ltr'>armis</span> <span class='ocrx_word' id='word_1_71' title='bbox 1231 1582 1264 1640; x_wconf 93' lang='lat' dir='ltr'>et</span> <span class='ocrx_word' id='word_1_72' title='bbox 1287 1576 1429 1642; x_wconf 83' lang='lat' dir='ltr'>consilio</span> 
     </span>
     <span class='ocr_line' id='line_1_10' title="bbox 262 1684 1428 1773; baseline 0.005 -24"><span class='ocrx_word' id='word_1_73' title='bbox 262 1684 437 1750; x_wconf 89' lang='lat' dir='ltr'>civitatem</span> <span class='ocrx_word' id='word_1_74' title='bbox 469 1684 664 1767; x_wconf 88' lang='lat' dir='ltr'>tuentibus;</span> <span class='ocrx_word' id='word_1_75' title='bbox 701 1707 850 1773; x_wconf 92' lang='lat' dir='ltr'>quorum</span> <span class='ocrx_word' id='word_1_76' title='bbox 884 1687 1066 1752; x_wconf 90' lang='lat' dir='ltr'>auctoritas</span> <span class='ocrx_word' id='word_1_77' title='bbox 1100 1689 1250 1754; x_wconf 86' lang='lat' dir='ltr'>maxime</span> <span class='ocrx_word' id='word_1_78' title='bbox 1274 1689 1428 1771; x_wconf 91' lang='lat' dir='ltr'>florebat,</span> 
     </span>
     <span class='ocr_line' id='line_1_11' title="bbox 263 1798 1428 1888; baseline 0.003 -24"><span class='ocrx_word' id='word_1_79' title='bbox 263 1798 364 1885; x_wconf 91' lang='lat' dir='ltr'>quod,</span> <span class='ocrx_word' id='word_1_80' title='bbox 400 1820 481 1865; x_wconf 88' lang='lat' dir='ltr'>cum</span> <span class='ocrx_word' id='word_1_81' title='bbox 503 1800 632 1866; x_wconf 86' lang='lat' dir='ltr'>honore</span> <span class='ocrx_word' id='word_1_82' title='bbox 653 1799 754 1885; x_wconf 84' lang='lat' dir='ltr'>longe</span> <span class='ocrx_word' id='word_1_83' title='bbox 779 1799 1020 1866; x_wconf 82' lang='lat' dir='ltr'>antecellerent</span> <span class='ocrx_word' id='word_1_84' title='bbox 1039 1801 1167 1882; x_wconf 89' lang='lat' dir='ltr'>ceteris,</span> <span class='ocrx_word' id='word_1_85' title='bbox 1192 1801 1428 1888; x_wconf 86' lang='lat' dir='ltr'>voluptatibus</span> 
     </span>
     <span class='ocr_line' id='line_1_12' title="bbox 261 1913 1425 2002; baseline 0.003 -24"><span class='ocrx_word' id='word_1_86' title='bbox 261 1913 1076 2002; x_wconf 83' lang='lat' dir='ltr'>erantinferiores,necpscuniisferme</span> <span class='ocrx_word' id='word_1_87' title='bbox 1101 1915 1425 2000; x_wconf 90' lang='lat' dir='ltr'>superiores.&#39;&#39;</span> 
     </span>
     <span class='ocr_line' id='line_1_13' title="bbox 260 2025 1429 2114; baseline 0.002 -22"><span class='ocrx_word' id='word_1_88' title='bbox 260 2026 393 2093; x_wconf 91' lang='lat' dir='ltr'>Plinius</span> <span class='ocrx_word' id='word_1_89' title='bbox 417 2026 443 2114; x_wconf 74' lang='grc'>4)</span> <span class='ocrx_word' id='word_1_90' title='bbox 467 2025 602 2093; x_wconf 85' lang='lat' dir='ltr'>scribit:</span> <span class='ocrx_word' id='word_1_91' title='bbox 638 2028 736 2108; x_wconf 88' lang='lat' dir='ltr'>„Non</span> <span class='ocrx_word' id='word_1_92' title='bbox 759 2034 831 2093; x_wconf 90' lang='lat' dir='ltr'>erat</span> <span class='ocrx_word' id='word_1_93' title='bbox 854 2026 946 2113; x_wconf 91' lang='lat' dir='ltr'>apud</span> <span class='ocrx_word' id='word_1_94' title='bbox 969 2028 1129 2114; x_wconf 89' lang='lat' dir='ltr'>antiquos</span> <span class='ocrx_word' id='word_1_95' title='bbox 1152 2049 1318 2094; x_wconf 89' lang='lat' dir='ltr'>numerus</span> <span class='ocrx_word' id='word_1_96' title='bbox 1339 2029 1429 2094; x_wconf 91' lang='lat' dir='ltr'>ultra</span> 
     </span>
     <span class='ocr_line' id='line_1_14' title="bbox 260 2140 1430 2227; baseline -0.001 -20"><span class='ocrx_word' id='word_1_97' title='bbox 260 2148 400 2208; x_wconf 89' lang='lat' dir='ltr'>centum</span> <span class='ocrx_word' id='word_1_98' title='bbox 423 2140 529 2222; x_wconf 89' lang='lat' dir='ltr'>milia,</span> <span class='ocrx_word' id='word_1_99' title='bbox 553 2141 669 2227; x_wconf 90' lang='lat' dir='ltr'>itaque</span> <span class='ocrx_word' id='word_1_100' title='bbox 687 2147 721 2205; x_wconf 91' lang='lat' dir='ltr'>et</span> <span class='ocrx_word' id='word_1_101' title='bbox 732 2140 833 2206; x_wconf 92' lang='lat' dir='ltr'>hodie</span> <span class='ocrx_word' id='word_1_102' title='bbox 848 2140 1122 2226; x_wconf 86' lang='lat' dir='ltr'>multiplicantur</span> <span class='ocrx_word' id='word_1_103' title='bbox 1134 2140 1229 2222; x_wconf 88' lang='lat' dir='ltr'>haec,</span> <span class='ocrx_word' id='word_1_104' title='bbox 1245 2148 1282 2207; x_wconf 93' lang='lat' dir='ltr'>ut</span> <span class='ocrx_word' id='word_1_105' title='bbox 1294 2143 1430 2208; x_wconf 90' lang='lat' dir='ltr'>deciens</span> 
     </span>
     <span class='ocr_line' id='line_1_15' title="bbox 260 2253 1430 2339; baseline 0 -19"><span class='ocrx_word' id='word_1_106' title='bbox 260 2260 404 2320; x_wconf 90' lang='lat' dir='ltr'>centena</span> <span class='ocrx_word' id='word_1_107' title='bbox 438 2253 534 2319; x_wconf 90' lang='lat' dir='ltr'>milia</span> <span class='ocrx_word' id='word_1_108' title='bbox 558 2261 618 2319; x_wconf 88' lang='lat' dir='ltr'>aut</span> <span class='ocrx_word' id='word_1_109' title='bbox 641 2254 774 2339; x_wconf 90' lang='lat' dir='ltr'>saepius</span> <span class='ocrx_word' id='word_1_110' title='bbox 796 2253 963 2319; x_wconf 88' lang='lat' dir='ltr'>dicantur.</span> <span class='ocrx_word' id='word_1_111' title='bbox 989 2254 1111 2320; x_wconf 89' lang='lat' dir='ltr'>faenus</span> <span class='ocrx_word' id='word_1_112' title='bbox 1133 2254 1198 2321; x_wconf 87' lang='lat' dir='ltr'>hoo</span> <span class='ocrx_word' id='word_1_113' title='bbox 1227 2255 1307 2321; x_wconf 88' lang='lat' dir='ltr'>fecit</span> <span class='ocrx_word' id='word_1_114' title='bbox 1331 2277 1430 2320; x_wconf 89' lang='lat' dir='ltr'>num·</span> 
     </span>
     <span class='ocr_line' id='line_1_16' title="bbox 217 2367 1439 2454; baseline 0.002 -22"><span class='ocrx_word' id='word_1_115' title='bbox 217 2420 218 2423; x_wconf 63' lang='lat'>,</span> <span class='ocrx_word' id='word_1_116' title='bbox 259 2388 404 2454; x_wconf 90' lang='lat' dir='ltr'>musque</span> <span class='ocrx_word' id='word_1_117' title='bbox 428 2388 615 2453; x_wconf 89' lang='lat' dir='ltr'>percussus,</span> <span class='ocrx_word' id='word_1_118' title='bbox 640 2373 674 2432; x_wconf 90' lang='lat' dir='ltr'>et</span> <span class='ocrx_word' id='word_1_119' title='bbox 695 2367 742 2432; x_wconf 89' lang='lat' dir='ltr'>sic</span> <span class='ocrx_word' id='word_1_120' title='bbox 767 2388 903 2454; x_wconf 90' lang='lat' dir='ltr'>quoque</span> <span class='ocrx_word' id='word_1_121' title='bbox 927 2367 1153 2432; x_wconf 88' lang='lat' dir='ltr'>aesalienum</span> <span class='ocrx_word' id='word_1_122' title='bbox 1167 2368 1359 2433; x_wconf 90' lang='lat' dir='ltr'>etiamnum</span> <span class='ocrx_word' id='word_1_123' title='bbox 1372 2390 1439 2454; x_wconf 91' lang='lat' dir='ltr'>ap·-</span> 
     </span>
     <span class='ocr_line' id='line_1_17' title="bbox 259 2477 1428 2568; baseline -0.001 -21"><span class='ocrx_word' id='word_1_124' title='bbox 259 2479 438 2568; x_wconf 90' lang='lat' dir='ltr'>pellatur.&#39;&#39;</span> <span class='ocrx_word' id='word_1_125' title='bbox 463 2480 580 2546; x_wconf 85' lang='lat' dir='ltr'>Addas</span> <span class='ocrx_word' id='word_1_126' title='bbox 603 2481 707 2546; x_wconf 92' lang='lat' dir='ltr'>etiam</span> <span class='ocrx_word' id='word_1_127' title='bbox 730 2481 804 2546; x_wconf 77' lang='lat' dir='ltr'>hoc,</span> <span class='ocrx_word' id='word_1_128' title='bbox 828 2481 904 2545; x_wconf 91' lang='lat' dir='ltr'>Iam</span> <span class='ocrx_word' id='word_1_129' title='bbox 927 2481 1080 2546; x_wconf 88' lang='lat' dir='ltr'>vidimus</span> <span class='ocrx_word' id='word_1_130' title='bbox 1092 2501 1233 2546; x_wconf 89' lang='lat' dir='ltr'>censum</span> <span class='ocrx_word' id='word_1_131' title='bbox 1245 2503 1316 2547; x_wconf 90' lang='lat' dir='ltr'>non</span> <span class='ocrx_word' id='word_1_132' title='bbox 1327 2477 1428 2547; x_wconf 83' lang='lat' dir='ltr'>fuisse</span> 
     </span>
     <span class='ocr_line' id='line_1_18' title="bbox 258 2593 1427 2682; baseline 0 -22"><span class='ocrx_word' id='word_1_133' title='bbox 258 2600 416 2660; x_wconf 89' lang='lat' dir='ltr'>notatum</span> <span class='ocrx_word' id='word_1_134' title='bbox 439 2615 483 2660; x_wconf 85' lang='lat' dir='ltr'>ex</span> <span class='ocrx_word' id='word_1_135' title='bbox 506 2593 645 2675; x_wconf 90' lang='lat' dir='ltr'>assibus,</span> <span class='ocrx_word' id='word_1_136' title='bbox 670 2594 728 2659; x_wconf 91' lang='lat' dir='ltr'>sed</span> <span class='ocrx_word' id='word_1_137' title='bbox 750 2616 794 2659; x_wconf 87' lang='lat' dir='ltr'>ex</span> <span class='ocrx_word' id='word_1_138' title='bbox 817 2593 1000 2679; x_wconf 86' lang='lat' dir='ltr'>iugeribus,</span> <span class='ocrx_word' id='word_1_139' title='bbox 1018 2615 1105 2681; x_wconf 89' lang='lat' dir='ltr'>quae</span> <span class='ocrx_word' id='word_1_140' title='bbox 1120 2595 1263 2682; x_wconf 90' lang='lat' dir='ltr'>quisque</span> <span class='ocrx_word' id='word_1_141' title='bbox 1277 2594 1427 2660; x_wconf 89' lang='lat' dir='ltr'>haberet.</span> 
     </span>
     <span class='ocr_line' id='line_1_19' title="bbox 260 2707 1429 2794; baseline 0.001 -21"><span class='ocrx_word' id='word_1_142' title='bbox 260 2707 349 2773; x_wconf 82' lang='lat' dir='ltr'>Cum</span> <span class='ocrx_word' id='word_1_143' title='bbox 372 2715 489 2773; x_wconf 90' lang='lat' dir='ltr'>autem</span> <span class='ocrx_word' id='word_1_144' title='bbox 509 2729 552 2772; x_wconf 83' lang='lat' dir='ltr'>ex</span> <span class='ocrx_word' id='word_1_145' title='bbox 575 2709 687 2794; x_wconf 90' lang='lat' dir='ltr'>prima</span> <span class='ocrx_word' id='word_1_146' title='bbox 710 2707 813 2773; x_wconf 89' lang='lat' dir='ltr'>classe</span> <span class='ocrx_word' id='word_1_147' title='bbox 833 2730 951 2773; x_wconf 88' lang='lat' dir='ltr'>omnes</span> <span class='ocrx_word' id='word_1_148' title='bbox 963 2708 1077 2792; x_wconf 84' lang='lat' dir='ltr'>gravis</span> <span class='ocrx_word' id='word_1_149' title='bbox 1090 2715 1285 2774; x_wconf 89' lang='lat' dir='ltr'>armaturae</span> <span class='ocrx_word' id='word_1_150' title='bbox 1299 2709 1429 2794; x_wconf 90' lang='lat' dir='ltr'>pedites</span> 
     </span>
     <span class='ocr_line' id='line_1_20' title="bbox 258 2821 1428 2908; baseline 0 -22"><span class='ocrx_word' id='word_1_151' title='bbox 258 2821 441 2908; x_wconf 88' lang='lat' dir='ltr'>omnisque</span> <span class='ocrx_word' id='word_1_152' title='bbox 473 2821 644 2908; x_wconf 85' lang='lat' dir='ltr'>equitatus</span> <span class='ocrx_word' id='word_1_153' title='bbox 667 2821 943 2903; x_wconf 84' lang='lat' dir='ltr'>conscriberetur,</span> <span class='ocrx_word' id='word_1_154' title='bbox 969 2843 1093 2906; x_wconf 84' lang='lat' dir='ltr'>agrum</span> <span class='ocrx_word' id='word_1_155' title='bbox 1116 2822 1314 2888; x_wconf 87' lang='lat' dir='ltr'>Romanum</span> <span class='ocrx_word' id='word_1_156' title='bbox 1339 2823 1428 2888; x_wconf 90' lang='lat' dir='ltr'>inter</span> 
     </span>
     <span class='ocr_line' id='line_1_21' title="bbox 258 2933 1181 3022; baseline 0 -22"><span class='ocrx_word' id='word_1_157' title='bbox 258 2933 425 3020; x_wconf 88' lang='lat' dir='ltr'>plurimas</span> <span class='ocrx_word' id='word_1_158' title='bbox 448 2935 594 3001; x_wconf 88' lang='lat' dir='ltr'>familias</span> <span class='ocrx_word' id='word_1_159' title='bbox 617 2935 767 3002; x_wconf 85' lang='lat' dir='ltr'>divisum</span> <span class='ocrx_word' id='word_1_160' title='bbox 790 2936 891 3001; x_wconf 87' lang='lat' dir='ltr'>fuisse</span> <span class='ocrx_word' id='word_1_161' title='bbox 915 2957 1048 3001; x_wconf 88' lang='lat' dir='ltr'>necesso</span> <span class='ocrx_word' id='word_1_162' title='bbox 1074 2942 1131 3000; x_wconf 90' lang='lat' dir='ltr'>est.</span> <span class='ocrx_word' id='word_1_163' title='bbox 1159 2935 1181 3022; x_wconf 82' lang='lat'>5)</span> 
     </span>
    </p>

    <p class='ocr_par' dir='ltr' id='par_1_3' title="bbox 302 3047 1422 3129">
     <span class='ocr_line' id='line_1_22' title="bbox 302 3047 1422 3129; baseline 0.002 -17"><span class='ocrx_word' id='word_1_164' title='bbox 302 3048 348 3113; x_wconf 89' lang='lat' dir='ltr'>In</span> <span class='ocrx_word' id='word_1_165' title='bbox 381 3047 512 3116; x_wconf 90' lang='lat' dir='ltr'>lubrico</span> <span class='ocrx_word' id='word_1_166' title='bbox 547 3049 768 3129; x_wconf 87' lang='lat' dir='ltr'>versabimur,</span> <span class='ocrx_word' id='word_1_167' title='bbox 795 3049 823 3114; x_wconf 87' lang='lat' dir='ltr'>si</span> <span class='ocrx_word' id='word_1_168' title='bbox 846 3049 955 3114; x_wconf 89' lang='lat' dir='ltr'>multa</span> <span class='ocrx_word' id='word_1_169' title='bbox 978 3050 1132 3115; x_wconf 89' lang='lat' dir='ltr'>conicere</span> <span class='ocrx_word' id='word_1_170' title='bbox 1157 3049 1360 3114; x_wconf 88' lang='lat' dir='ltr'>audebimus</span> <span class='ocrx_word' id='word_1_171' title='bbox 1383 3049 1422 3114; x_wconf 86' lang='lat' dir='ltr'>de</span> 
     </span>
    </p>
   </div>
   <div class='ocr_carea' id='block_1_3' title="bbox 254 3251 1427 3897">
    <p class='ocr_par' dir='ltr' id='par_1_4' title="bbox 255 3251 1427 3400">
     <span class='ocr_line' id='line_1_23' title="bbox 290 3251 1427 3318; baseline -0.001 -18"><span class='ocrx_word' id='word_1_172' title='bbox 290 3251 309 3312; x_wconf 82' lang='lat'>¹)</span> <span class='ocrx_word' id='word_1_173' title='bbox 328 3251 364 3302; x_wconf 80' lang='lat' dir='ltr'>cf.</span> <span class='ocrx_word' id='word_1_174' title='bbox 390 3252 598 3318; x_wconf 76' lang='lat' dir='ltr'>Pauly-wissowa,</span> <span class='ocrx_word' id='word_1_175' title='bbox 625 3252 789 3316; x_wconf 77' lang='lat' dir='ltr'>Rani-Euoycl.</span> <span class='ocrx_word' id='word_1_176' title='bbox 817 3252 840 3300; x_wconf 74' lang='lat'>1²</span> <span class='ocrx_word' id='word_1_177' title='bbox 866 3269 883 3305; x_wconf 81' lang='lat' dir='ltr'>s.</span> <span class='ocrx_word' id='word_1_178' title='bbox 902 3269 924 3300; x_wconf 86' lang='lat' dir='ltr'>v.</span> <span class='ocrx_word' id='word_1_179' title='bbox 951 3269 1013 3315; x_wconf 71' lang='lat' dir='ltr'>aper,</span> <span class='ocrx_word' id='word_1_180' title='bbox 1040 3268 1090 3317; x_wconf 81' lang='lat' dir='ltr'>pag.</span> <span class='ocrx_word' id='word_1_181' title='bbox 1107 3253 1170 3310; x_wconf 77' lang='lat'>7903</span> <span class='ocrx_word' id='word_1_182' title='bbox 1198 3253 1302 3310; x_wconf 72' lang='lat' dir='ltr'>Velabra,</span> <span class='ocrx_word' id='word_1_183' title='bbox 1321 3253 1384 3300; x_wconf 89' lang='lat' dir='ltr'>Over</span> <span class='ocrx_word' id='word_1_184' title='bbox 1400 3253 1427 3299; x_wconf 85' lang='lat' dir='ltr'>da</span> 
     </span>
     <span class='ocr_line' id='line_1_24' title="bbox 255 3335 882 3400; baseline 0.002 -17"><span class='ocrx_word' id='word_1_185' title='bbox 255 3335 352 3384; x_wconf 82' lang='lat' dir='ltr'>rechten</span> <span class='ocrx_word' id='word_1_186' title='bbox 369 3335 410 3384; x_wconf 86' lang='lat' dir='ltr'>der</span> <span class='ocrx_word' id='word_1_187' title='bbox 426 3340 486 3400; x_wconf 81' lang='lat' dir='ltr'>patr.</span> <span class='ocrx_word' id='word_1_188' title='bbox 503 3340 591 3400; x_wconf 63' lang='lat' dir='ltr'>gentes</span> <span class='ocrx_word' id='word_1_189' title='bbox 608 3352 658 3400; x_wconf 79' lang='lat' dir='ltr'>pag.</span> <span class='ocrx_word' id='word_1_190' title='bbox 678 3336 726 3389; x_wconf 79' lang='lat'>374</span> <span class='ocrx_word' id='word_1_191' title='bbox 744 3336 793 3397; x_wconf 84' lang='grc'>(69)</span> <span class='ocrx_word' id='word_1_192' title='bbox 811 3352 882 3399; x_wconf 60' lang='lat' dir='ltr'>seqq„</span> 
     </span>
    </p>

    <p class='ocr_par' dir='ltr' id='par_1_5' title="bbox 294 3415 780 3485">
     <span class='ocr_line' id='line_1_25' title="bbox 294 3415 780 3485; baseline 0 -19"><span class='ocrx_word' id='word_1_193' title='bbox 294 3415 314 3478; x_wconf 59' lang='grc' dir='ltr'>ἵ)</span> <span class='ocrx_word' id='word_1_194' title='bbox 339 3418 451 3469; x_wconf 85' lang='lat' dir='ltr'>Momms.</span> <span class='ocrx_word' id='word_1_195' title='bbox 470 3419 524 3469; x_wconf 86' lang='lat' dir='ltr'>StR.</span> <span class='ocrx_word' id='word_1_196' title='bbox 542 3419 580 3468; x_wconf 96' lang='grc' dir='ltr'>ΙΙΙ</span> <span class='ocrx_word' id='word_1_197' title='bbox 597 3436 648 3485; x_wconf 85' lang='lat' dir='ltr'>pag.</span> <span class='ocrx_word' id='word_1_198' title='bbox 668 3419 699 3468; x_wconf 82' lang='lat'>24</span> <span class='ocrx_word' id='word_1_199' title='bbox 717 3435 780 3483; x_wconf 83' lang='lat' dir='ltr'>seqq.</span> 
     </span>
    </p>

    <p class='ocr_par' dir='ltr' id='par_1_6' title="bbox 274 3501 676 3568">
     <span class='ocr_line' id='line_1_26' title="bbox 274 3501 676 3568; baseline -0.01 -14"><span class='ocrx_word' id='word_1_200' title='bbox 274 3501 311 3564; x_wconf 37' lang='lat'>1³)</span> <span class='ocrx_word' id='word_1_201' title='bbox 341 3501 377 3551; x_wconf 84' lang='lat' dir='ltr'>Da</span> <span class='ocrx_word' id='word_1_202' title='bbox 393 3503 428 3551; x_wconf 82' lang='lat' dir='ltr'>Rc</span> <span class='ocrx_word' id='word_1_203' title='bbox 444 3502 510 3568; x_wconf 85' lang='lat' dir='ltr'>publ.</span> <span class='ocrx_word' id='word_1_204' title='bbox 528 3502 561 3562; x_wconf 95' lang='lat' dir='ltr'>II,</span> <span class='ocrx_word' id='word_1_205' title='bbox 580 3503 618 3561; x_wconf 79' lang='lat'>34,</span> <span class='ocrx_word' id='word_1_206' title='bbox 638 3503 676 3552; x_wconf 78' lang='lat'>59.</span> 
     </span>
    </p>

    <p class='ocr_par' dir='ltr' id='par_1_7' title="bbox 288 3585 669 3647">
     <span class='ocr_line' id='line_1_27' title="bbox 288 3585 669 3647; baseline -0.003 -13"><span class='ocrx_word' id='word_1_207' title='bbox 288 3586 308 3647; x_wconf 88' lang='lat'>⁴)</span> <span class='ocrx_word' id='word_1_208' title='bbox 326 3585 357 3635; x_wconf 93' lang='lat' dir='ltr'>N.</span> <span class='ocrx_word' id='word_1_209' title='bbox 375 3585 407 3634; x_wconf 90' lang='lat' dir='ltr'>H.</span> <span class='ocrx_word' id='word_1_210' title='bbox 426 3585 537 3644; x_wconf 81' lang='lat' dir='ltr'>XXXIII,</span> <span class='ocrx_word' id='word_1_211' title='bbox 557 3585 595 3644; x_wconf 89' lang='lat'>10,</span> <span class='ocrx_word' id='word_1_212' title='bbox 614 3585 669 3634; x_wconf 82' lang='lat'><strong>133.</strong></span> 
     </span>
    </p>

    <p class='ocr_par' dir='ltr' id='par_1_8' title="bbox 254 3665 1426 3897">
     <span class='ocr_line' id='line_1_28' title="bbox 290 3665 1426 3732; baseline -0.004 -15"><span class='ocrx_word' id='word_1_213' title='bbox 290 3670 308 3730; x_wconf 81' lang='lat'>⁵)</span> <span class='ocrx_word' id='word_1_214' title='bbox 337 3667 414 3718; x_wconf 78' lang='lat' dir='ltr'>Aliter</span> <span class='ocrx_word' id='word_1_215' title='bbox 440 3673 518 3718; x_wconf 82' lang='lat' dir='ltr'>tamen</span> <span class='ocrx_word' id='word_1_216' title='bbox 544 3685 590 3718; x_wconf 82' lang='lat' dir='ltr'>von</span> <span class='ocrx_word' id='word_1_217' title='bbox 614 3669 716 3732; x_wconf 85' lang='lat' dir='ltr'>Ihering,</span> <span class='ocrx_word' id='word_1_218' title='bbox 743 3667 808 3716; x_wconf 85' lang='lat' dir='ltr'>Geist</span> <span class='ocrx_word' id='word_1_219' title='bbox 833 3667 856 3716; x_wconf 90' lang='lat' dir='ltr'>d.</span> <span class='ocrx_word' id='word_1_220' title='bbox 883 3671 940 3715; x_wconf 80' lang='lat' dir='ltr'>riim.</span> <span class='ocrx_word' id='word_1_221' title='bbox 968 3667 1052 3715; x_wconf 87' lang='lat' dir='ltr'>Rechts</span> <span class='ocrx_word' id='word_1_222' title='bbox 1078 3666 1110 3726; x_wconf 91' lang='lat' dir='ltr'>II,</span> <span class='ocrx_word' id='word_1_223' title='bbox 1139 3667 1172 3725; x_wconf 71' lang='lat'>1⁴,</span> <span class='ocrx_word' id='word_1_224' title='bbox 1198 3683 1250 3731; x_wconf 82' lang='lat' dir='ltr'>pag.</span> <span class='ocrx_word' id='word_1_225' title='bbox 1269 3667 1333 3714; x_wconf 76' lang='lat'>249:</span> <span class='ocrx_word' id='word_1_226' title='bbox 1363 3665 1426 3730; x_wconf 73' lang='lat' dir='ltr'>,uit</span> 
     </span>
     <span class='ocr_line' id='line_1_29' title="bbox 254 3748 1425 3808; baseline -0.003 -8"><span class='ocrx_word' id='word_1_227' title='bbox 254 3751 330 3800; x_wconf 81' lang='lat' dir='ltr'>Recht</span> <span class='ocrx_word' id='word_1_228' title='bbox 356 3751 462 3800; x_wconf 79' lang='lat' dir='ltr'>bemerlrt</span> <span class='ocrx_word' id='word_1_229' title='bbox 486 3752 587 3801; x_wconf 85' lang='lat' dir='ltr'>Peter</span> <span class='ocrx_word' id='word_1_230' title='bbox 613 3751 750 3800; x_wconf 81' lang='lat' dir='ltr'>Gcschichte</span> <span class='ocrx_word' id='word_1_231' title='bbox 767 3751 839 3799; x_wconf 85' lang='lat' dir='ltr'>Roms</span> <span class='ocrx_word' id='word_1_232' title='bbox 856 3751 899 3798; x_wconf 88' lang='lat' dir='ltr'>Bd.</span> <span class='ocrx_word' id='word_1_233' title='bbox 920 3751 941 3808; x_wconf 91' lang='lat' dir='ltr'>l,</span> <span class='ocrx_word' id='word_1_234' title='bbox 960 3751 982 3798; x_wconf 87' lang='lat' dir='ltr'>S.</span> <span class='ocrx_word' id='word_1_235' title='bbox 1002 3751 1057 3807; x_wconf 84' lang='lat'>103,</span> <span class='ocrx_word' id='word_1_236' title='bbox 1075 3751 1127 3798; x_wconf 86' lang='lat' dir='ltr'>dass</span> <span class='ocrx_word' id='word_1_237' title='bbox 1145 3767 1186 3798; x_wconf 84' lang='lat' dir='ltr'>aus</span> <span class='ocrx_word' id='word_1_238' title='bbox 1204 3750 1248 3798; x_wconf 88' lang='lat' dir='ltr'>den</span> <span class='ocrx_word' id='word_1_239' title='bbox 1266 3748 1425 3798; x_wconf 84' lang='lat' dir='ltr'>Nachrichtcn</span> 
     </span>
     <span class='ocr_line' id='line_1_30' title="bbox 257 3831 1426 3897; baseline -0.003 -15"><span class='ocrx_word' id='word_1_240' title='bbox 257 3833 315 3882; x_wconf 83' lang='lat' dir='ltr'>iiber</span> <span class='ocrx_word' id='word_1_241' title='bbox 332 3834 377 3883; x_wconf 85' lang='lat' dir='ltr'>den</span> <span class='ocrx_word' id='word_1_242' title='bbox 395 3834 485 3884; x_wconf 80' lang='lat' dir='ltr'>Census</span> <span class='ocrx_word' id='word_1_243' title='bbox 503 3835 542 3884; x_wconf 84' lang='lat' dir='ltr'>des</span> <span class='ocrx_word' id='word_1_244' title='bbox 560 3835 654 3883; x_wconf 86' lang='lat' dir='ltr'>Servius</span> <span class='ocrx_word' id='word_1_245' title='bbox 671 3833 765 3882; x_wconf 81' lang='lat' dir='ltr'>Tullius</span> <span class='ocrx_word' id='word_1_246' title='bbox 783 3849 811 3881; x_wconf 84' lang='lat' dir='ltr'>zu</span> <span class='ocrx_word' id='word_1_247' title='bbox 828 3832 970 3880; x_wconf 87' lang='lat' dir='ltr'>eutnehmeu</span> <span class='ocrx_word' id='word_1_248' title='bbox 988 3833 1028 3890; x_wconf 87' lang='lat' dir='ltr'>sei,</span> <span class='ocrx_word' id='word_1_249' title='bbox 1043 3833 1095 3880; x_wconf 83' lang='lat' dir='ltr'>dass</span> <span class='ocrx_word' id='word_1_250' title='bbox 1115 3833 1155 3897; x_wconf 79' lang='lat' dir='ltr'>„in</span> <span class='ocrx_word' id='word_1_251' title='bbox 1173 3833 1214 3880; x_wconf 85' lang='lat' dir='ltr'>der</span> <span class='ocrx_word' id='word_1_252' title='bbox 1233 3831 1365 3894; x_wconf 83' lang='lat' dir='ltr'>damaligeu</span> <span class='ocrx_word' id='word_1_253' title='bbox 1376 3831 1426 3880; x_wconf 86' lang='lat' dir='ltr'>Zeit</span> 
     </span>
    </p>
   </div>
   <div class='ocr_carea' id='block_1_4' title="bbox 162 3914 1427 4066">
    <p class='ocr_par' dir='ltr' id='par_1_9' title="bbox 162 3914 1427 4066">
     <span class='ocr_line' id='line_1_31' title="bbox 162 3914 1425 3980; baseline -0.004 -13"><span class='ocrx_word' id='word_1_254' title='bbox 162 3924 165 3928; x_wconf 82' lang='lat'>&#39;</span> <span class='ocrx_word' id='word_1_255' title='bbox 258 3917 330 3966; x_wconf 81' lang='lat' dir='ltr'>sehon</span> <span class='ocrx_word' id='word_1_256' title='bbox 347 3917 399 3968; x_wconf 86' lang='lat' dir='ltr'>eine</span> <span class='ocrx_word' id='word_1_257' title='bbox 416 3917 647 3980; x_wconf 76' lang='lat' dir='ltr'>verhiiltnisamiissig</span> <span class='ocrx_word' id='word_1_258' title='bbox 660 3916 802 3966; x_wconf 84' lang='lat' dir='ltr'>bedentende</span> <span class='ocrx_word' id='word_1_259' title='bbox 819 3914 986 3978; x_wconf 78' lang='lat' dir='ltr'>llngleichheit</span> <span class='ocrx_word' id='word_1_260' title='bbox 1003 3916 1042 3963; x_wconf 87' lang='lat' dir='ltr'>dea</span> <span class='ocrx_word' id='word_1_261' title='bbox 1060 3916 1161 3963; x_wconf 83' lang='lat' dir='ltr'>Besitzes</span> <span class='ocrx_word' id='word_1_262' title='bbox 1179 3915 1282 3964; x_wconf 77' lang='lat' dir='ltr'>bastard.</span> <span class='ocrx_word' id='word_1_263' title='bbox 1307 3915 1354 3963; x_wconf 88' lang='lat' dir='ltr'>Das</span> <span class='ocrx_word' id='word_1_264' title='bbox 1364 3915 1425 3962; x_wconf 91' lang='lat' dir='ltr'>Nor·</span> 
     </span>
     <span class='ocr_line' id='line_1_32' title="bbox 166 3997 1427 4066; baseline -0.004 -17"><span class='ocrx_word' id='word_1_265' title='bbox 166 4063 167 4066; x_wconf 9' lang='lat'>¹</span> <span class='ocrx_word' id='word_1_266' title='bbox 260 4000 433 4064; x_wconf 81' lang='lat' dir='ltr'>rnalvermiigen</span> <span class='ocrx_word' id='word_1_267' title='bbox 459 4003 499 4050; x_wconf 86' lang='lat' dir='ltr'>der</span> <span class='ocrx_word' id='word_1_268' title='bbox 524 4000 609 4050; x_wconf 83' lang='lat' dir='ltr'>letztcn</span> <span class='ocrx_word' id='word_1_269' title='bbox 627 4000 710 4049; x_wconf 84' lang='lat' dir='ltr'>Klasss</span> <span class='ocrx_word' id='word_1_270' title='bbox 727 3999 819 4047; x_wconf 76' lang='lat' dir='ltr'>verbilt</span> <span class='ocrx_word' id='word_1_271' title='bbox 836 3997 886 4046; x_wconf 89' lang='lat' dir='ltr'>sich</span> <span class='ocrx_word' id='word_1_272' title='bbox 903 4014 931 4046; x_wconf 87' lang='lat' dir='ltr'>zu</span> <span class='ocrx_word' id='word_1_273' title='bbox 949 3998 1002 4046; x_wconf 89' lang='lat' dir='ltr'>dem</span> <span class='ocrx_word' id='word_1_274' title='bbox 1019 3998 1059 4046; x_wconf 88' lang='lat' dir='ltr'>der</span> <span class='ocrx_word' id='word_1_275' title='bbox 1076 4002 1160 4056; x_wconf 85' lang='lat' dir='ltr'>ersten,</span> <span class='ocrx_word' id='word_1_276' title='bbox 1178 3999 1222 4046; x_wconf 85' lang='lat' dir='ltr'>wie</span> <span class='ocrx_word' id='word_1_277' title='bbox 1241 3998 1253 4046; x_wconf 94' lang='lat' dir='ltr'>l</span> <span class='ocrx_word' id='word_1_278' title='bbox 1272 3997 1364 4054; x_wconf 80' lang='lat' dir='ltr'>zu103</span> <span class='ocrx_word' id='word_1_279' title='bbox 1382 3997 1427 4045; x_wconf 85' lang='lat' dir='ltr'>wie</span> 
     </span>
    </p>
   </div>
   <div class='ocr_carea' id='block_1_5' title="bbox 258 4080 1428 4310">
    <p class='ocr_par' dir='ltr' id='par_1_10' title="bbox 258 4080 1428 4310">
     <span class='ocr_line' id='line_1_33' title="bbox 258 4080 1426 4148; baseline -0.003 -16"><span class='ocrx_word' id='word_1_280' title='bbox 258 4101 281 4132; x_wconf 86' lang='lat' dir='ltr'>es</span> <span class='ocrx_word' id='word_1_281' title='bbox 299 4084 354 4132; x_wconf 88' lang='lat' dir='ltr'>aber</span> <span class='ocrx_word' id='word_1_282' title='bbox 374 4083 434 4132; x_wconf 88' lang='lat' dir='ltr'>viele</span> <span class='ocrx_word' id='word_1_283' title='bbox 450 4083 539 4148; x_wconf 78' lang='lat' dir='ltr'>Biirger</span> <span class='ocrx_word' id='word_1_284' title='bbox 555 4083 607 4148; x_wconf 80' lang='lat' dir='ltr'>gab,</span> <span class='ocrx_word' id='word_1_285' title='bbox 625 4084 663 4132; x_wconf 89' lang='lat' dir='ltr'>die</span> <span class='ocrx_word' id='word_1_286' title='bbox 679 4084 723 4131; x_wconf 86' lang='lat' dir='ltr'>deu</span> <span class='ocrx_word' id='word_1_287' title='bbox 740 4081 874 4145; x_wconf 73' lang='lat' dir='ltr'>geringsten</span> <span class='ocrx_word' id='word_1_288' title='bbox 892 4081 943 4128; x_wconf 79' lang='lat' dir='ltr'>Sata</span> <span class='ocrx_word' id='word_1_289' title='bbox 961 4082 1002 4129; x_wconf 88' lang='lat' dir='ltr'>der</span> <span class='ocrx_word' id='word_1_290' title='bbox 1020 4085 1140 4130; x_wconf 87' lang='lat' dir='ltr'>untersten</span> <span class='ocrx_word' id='word_1_291' title='bbox 1158 4080 1426 4130; x_wconf 83' lang='lat' dir='ltr'>Klasseniohterreich-</span> 
     </span>
     <span class='ocr_line' id='line_1_34' title="bbox 258 4162 1425 4231; baseline -0.003 -15"><span class='ocrx_word' id='word_1_292' title='bbox 258 4171 305 4226; x_wconf 78' lang='lat' dir='ltr'>ten,</span> <span class='ocrx_word' id='word_1_293' title='bbox 323 4166 409 4216; x_wconf 77' lang='lat' dir='ltr'>ebenso</span> <span class='ocrx_word' id='word_1_294' title='bbox 426 4167 500 4217; x_wconf 82' lang='lat' dir='ltr'>fehlte</span> <span class='ocrx_word' id='word_1_295' title='bbox 524 4184 548 4216; x_wconf 85' lang='lat' dir='ltr'>cs</span> <span class='ocrx_word' id='word_1_296' title='bbox 573 4167 657 4231; x_wconf 84' lang='lat' dir='ltr'>gewiss</span> <span class='ocrx_word' id='word_1_297' title='bbox 682 4165 749 4214; x_wconf 87' lang='lat' dir='ltr'>nicht</span> <span class='ocrx_word' id='word_1_298' title='bbox 765 4181 795 4212; x_wconf 90' lang='lat' dir='ltr'>au</span> <span class='ocrx_word' id='word_1_299' title='bbox 813 4162 916 4221; x_wconf 86' lang='lat' dir='ltr'>salchen,</span> <span class='ocrx_word' id='word_1_300' title='bbox 934 4163 972 4212; x_wconf 91' lang='lat' dir='ltr'>die</span> <span class='ocrx_word' id='word_1_301' title='bbox 989 4164 1034 4213; x_wconf 84' lang='lat' dir='ltr'>den</span> <span class='ocrx_word' id='word_1_302' title='bbox 1054 4164 1105 4212; x_wconf 79' lang='lat' dir='ltr'>Sata</span> <span class='ocrx_word' id='word_1_303' title='bbox 1122 4165 1163 4212; x_wconf 89' lang='lat' dir='ltr'>der</span> <span class='ocrx_word' id='word_1_304' title='bbox 1179 4167 1256 4212; x_wconf 85' lang='lat' dir='ltr'>ersten</span> <span class='ocrx_word' id='word_1_305' title='bbox 1273 4163 1356 4211; x_wconf 85' lang='lat' dir='ltr'>Klasse</span> <span class='ocrx_word' id='word_1_306' title='bbox 1373 4165 1425 4212; x_wconf 82' lang='lat' dir='ltr'>und</span> 
     </span>
     <span class='ocr_line' id='line_1_35' title="bbox 259 4245 1428 4310; baseline -0.004 -10"><span class='ocrx_word' id='word_1_307' title='bbox 259 4265 319 4300; x_wconf 80' lang='lat' dir='ltr'>awar</span> <span class='ocrx_word' id='word_1_308' title='bbox 340 4249 470 4300; x_wconf 84' lang='lat' dir='ltr'>theilweise</span> <span class='ocrx_word' id='word_1_309' title='bbox 488 4266 529 4310; x_wconf 84' lang='lat' dir='ltr'>um</span> <span class='ocrx_word' id='word_1_310' title='bbox 546 4251 585 4298; x_wconf 89' lang='lat' dir='ltr'>ein</span> <span class='ocrx_word' id='word_1_311' title='bbox 602 4249 656 4298; x_wconf 82' lang='lat' dir='ltr'>sehr</span> <span class='ocrx_word' id='word_1_312' title='bbox 671 4247 825 4296; x_wconf 85' lang='lat' dir='ltr'>bedcutendes</span> <span class='ocrx_word' id='word_1_313' title='bbox 842 4245 1012 4309; x_wconf 84' lang='lat' dir='ltr'>iiberstiegen.’&#39;</span> <span class='ocrx_word' id='word_1_314' title='bbox 1023 4245 1037 4265; x_wconf 82' lang='lat'>’¹</span> <span class='ocrx_word' id='word_1_315' title='bbox 1056 4246 1120 4294; x_wconf 86' lang='lat' dir='ltr'>Haec</span> <span class='ocrx_word' id='word_1_316' title='bbox 1136 4247 1251 4295; x_wconf 87' lang='lat' dir='ltr'>nimirum</span> <span class='ocrx_word' id='word_1_317' title='bbox 1268 4261 1332 4294; x_wconf 81' lang='lat' dir='ltr'>mera</span> <span class='ocrx_word' id='word_1_318' title='bbox 1348 4246 1428 4295; x_wconf 85' lang='lat' dir='ltr'>conie-</span> 
     </span>
    </p>
   </div>
   <div class='ocr_carea' id='block_1_6' title="bbox 259 4328 863 4400">
    <p class='ocr_par' dir='ltr' id='par_1_11' title="bbox 259 4328 863 4400">
     <span class='ocr_line' id='line_1_36' title="bbox 259 4328 863 4400; baseline -0.013 -16"><span class='ocrx_word' id='word_1_319' title='bbox 259 4337 326 4384; x_wconf 78' lang='lat' dir='ltr'>ctura</span> <span class='ocrx_word' id='word_1_320' title='bbox 342 4337 384 4394; x_wconf 79' lang='lat' dir='ltr'>est,</span> <span class='ocrx_word' id='word_1_321' title='bbox 402 4351 460 4400; x_wconf 86' lang='lat' dir='ltr'>quae</span> <span class='ocrx_word' id='word_1_322' title='bbox 477 4350 524 4398; x_wconf 86' lang='lat' dir='ltr'>qno</span> <span class='ocrx_word' id='word_1_323' title='bbox 541 4333 630 4382; x_wconf 84' lang='lat' dir='ltr'>nitatur</span> <span class='ocrx_word' id='word_1_324' title='bbox 646 4331 706 4380; x_wconf 89' lang='lat' dir='ltr'>mihi</span> <span class='ocrx_word' id='word_1_325' title='bbox 724 4346 771 4378; x_wconf 86' lang='lat' dir='ltr'>nou</span> <span class='ocrx_word' id='word_1_326' title='bbox 788 4328 863 4392; x_wconf 87' lang='lat' dir='ltr'>liquet</span> 
     </span>
    </p>
   </div>
   <div class='ocr_carea' id='block_1_7' title="bbox 0 0 1566 5128">
    <p class='ocr_par' dir='ltr' id='par_1_12' title="bbox 0 0 1566 5128">
     <span class='ocr_line' id='line_1_37' title="bbox 0 0 1566 5128; baseline 0 0"><span class='ocrx_word' id='word_1_327' title='bbox 0 0 1566 5128; x_wconf 95' lang='lat' dir='ltr'> </span> 
     </span>
    </p>
   </div>
  </div>
 </body>
</html>
