<?xml version="1.0" encoding="UTF-8"?>
<!DOCTYPE html PUBLIC "-//W3C//DTD XHTML 1.0 Transitional//EN"
    "http://www.w3.org/TR/xhtml1/DTD/xhtml1-transitional.dtd">
<html xmlns="http://www.w3.org/1999/xhtml" xml:lang="en" lang="en">
 <head>
  <title>
</title>
<meta http-equiv="Content-Type" content="text/html;charset=utf-8" />
  <meta name='ocr-system' content='tesseract 3.04.00' />
  <meta name='ocr-capabilities' content='ocr_page ocr_carea ocr_par ocr_line ocrx_word'/>
</head>
<body>
  <div class='ocr_page' id='page_1' title='image "./depauperumcuraa01essegoog_0202.png"; bbox 0 0 3040 5134; ppageno 0'>
   <div class='ocr_carea' id='block_1_1' title="bbox 592 613 654 679">
    <p class='ocr_par' dir='ltr' id='par_1_1' title="bbox 592 613 654 679">
     <span class='ocr_line' id='line_1_1' title="bbox 592 613 654 679; baseline 0.016 -1"><span class='ocrx_word' id='word_1_1' title='bbox 592 613 654 679; x_wconf 88' lang='lat'><strong>181</strong></span> 
     </span>
    </p>
   </div>
   <div class='ocr_carea' id='block_1_2' title="bbox 44 790 1205 2805">
    <p class='ocr_par' dir='ltr' id='par_1_2' title="bbox 44 790 1205 1558">
     <span class='ocr_line' id='line_1_2' title="bbox 44 790 1204 873; baseline -0.002 -15"><span class='ocrx_word' id='word_1_2' title='bbox 44 791 176 858; x_wconf 88' lang='lat' dir='ltr'><strong>relatum</strong></span> <span class='ocrx_word' id='word_1_3' title='bbox 222 797 274 859; x_wconf 90' lang='lat' dir='ltr'><strong>est</strong></span> <span class='ocrx_word' id='word_1_4' title='bbox 308 790 501 858; x_wconf 85' lang='lat' dir='ltr'><strong>Adrianum</strong></span> <span class='ocrx_word' id='word_1_5' title='bbox 534 790 664 858; x_wconf 82' lang='lat' dir='ltr'><strong>dedisse</strong></span> <span class='ocrx_word' id='word_1_6' title='bbox 698 791 732 856; x_wconf 84' lang='lat' dir='ltr'>X</span> <span class='ocrx_word' id='word_1_7' title='bbox 745 818 798 873; x_wconf 87' lang='lat'><strong>00,</strong></span> <span class='ocrx_word' id='word_1_8' title='bbox 837 791 1055 858; x_wconf 81' lang='lat' dir='ltr'><strong>Antoninum</strong></span> <span class='ocrx_word' id='word_1_9' title='bbox 1100 790 1204 857; x_wconf 90' lang='lat' dir='ltr'><strong>Pium</strong></span> 
     </span>
     <span class='ocr_line' id='line_1_3' title="bbox 44 904 1203 992; baseline 0.002 -24"><span class='ocrx_word' id='word_1_10' title='bbox 44 924 129 986; x_wconf 87' lang='lat' dir='ltr'><strong>nccc,</strong></span> <span class='ocrx_word' id='word_1_11' title='bbox 156 905 315 972; x_wconf 86' lang='lat' dir='ltr'><strong>Marcum</strong></span> <span class='ocrx_word' id='word_1_12' title='bbox 339 905 556 973; x_wconf 87' lang='lat' dir='ltr'><strong>Antoninum</strong></span> <span class='ocrx_word' id='word_1_13' title='bbox 579 912 613 972; x_wconf 91' lang='lat' dir='ltr'><strong>et</strong></span> <span class='ocrx_word' id='word_1_14' title='bbox 636 904 866 971; x_wconf 80' lang='lat' dir='ltr'><strong>Commodum</strong></span> <span class='ocrx_word' id='word_1_15' title='bbox 890 925 1062 992; x_wconf 90' lang='lat' dir='ltr'><strong>quemque</strong></span> <span class='ocrx_word' id='word_1_16' title='bbox 1087 923 1203 984; x_wconf 81' lang='lat' dir='ltr'><strong>oecon,</strong></span> 
     </span>
     <span class='ocr_line' id='line_1_4' title="bbox 44 1017 1205 1104; baseline 0.001 -21"><span class='ocrx_word' id='word_1_17' title='bbox 44 1018 163 1086; x_wconf 87' lang='lat' dir='ltr'><strong>Divum</strong></span> <span class='ocrx_word' id='word_1_18' title='bbox 195 1017 363 1086; x_wconf 82' lang='lat' dir='ltr'><strong>Severum</strong></span> <span class='ocrx_word' id='word_1_19' title='bbox 386 1037 469 1099; x_wconf 80' lang='lat' dir='ltr'><strong>occ;</strong></span> <span class='ocrx_word' id='word_1_20' title='bbox 513 1018 620 1088; x_wconf 90' lang='lat' dir='ltr'><strong>immo</strong></span> <span class='ocrx_word' id='word_1_21' title='bbox 644 1018 866 1104; x_wconf 88' lang='lat' dir='ltr'><strong>imperatores</strong></span> <span class='ocrx_word' id='word_1_22' title='bbox 900 1018 1101 1084; x_wconf 87' lang='lat' dir='ltr'><strong>inferiorum</strong></span> <span class='ocrx_word' id='word_1_23' title='bbox 1136 1039 1205 1084; x_wconf 89' lang='lat' dir='ltr'><strong>saa·</strong></span> 
     </span>
     <span class='ocr_line' id='line_1_5' title="bbox 44 1130 1204 1213; baseline 0 -17"><span class='ocrx_word' id='word_1_24' title='bbox 44 1130 197 1213; x_wconf 89' lang='lat' dir='ltr'><strong>culomm,</strong></span> <span class='ocrx_word' id='word_1_25' title='bbox 233 1138 273 1198; x_wconf 91' lang='lat' dir='ltr'><strong>ut</strong></span> <span class='ocrx_word' id='word_1_26' title='bbox 307 1130 559 1197; x_wconf 80' lang='lat' dir='ltr'><strong>Diocletianum</strong></span> <span class='ocrx_word' id='word_1_27' title='bbox 581 1137 615 1198; x_wconf 89' lang='lat' dir='ltr'><strong>et</strong></span> <span class='ocrx_word' id='word_1_28' title='bbox 638 1130 892 1197; x_wconf 83' lang='lat' dir='ltr'><strong>Maximianum</strong></span> <span class='ocrx_word' id='word_1_29' title='bbox 915 1130 970 1199; x_wconf 89' lang='lat' dir='ltr'><strong>vel</strong></span> <span class='ocrx_word' id='word_1_30' title='bbox 994 1151 1093 1212; x_wconf 77' lang='lat' dir='ltr'><strong>conr,</strong></span> <span class='ocrx_word' id='word_1_31' title='bbox 1118 1131 1204 1198; x_wconf 84' lang='lat' dir='ltr'><strong>Con·</strong></span> 
     </span>
     <span class='ocr_line' id='line_1_6' title="bbox 45 1243 1204 1331; baseline 0.001 -22"><span class='ocrx_word' id='word_1_32' title='bbox 45 1245 195 1310; x_wconf 89' lang='lat' dir='ltr'><strong>stantium</strong></span> <span class='ocrx_word' id='word_1_33' title='bbox 225 1251 260 1311; x_wconf 91' lang='lat' dir='ltr'><strong>et</strong></span> <span class='ocrx_word' id='word_1_34' title='bbox 282 1243 486 1331; x_wconf 88' lang='lat' dir='ltr'><strong>(Galerium)</strong></span> <span class='ocrx_word' id='word_1_35' title='bbox 509 1244 763 1310; x_wconf 86' lang='lat' dir='ltr'><strong>Maximianum</strong></span> <span class='ocrx_word' id='word_1_36' title='bbox 788 1275 820 1315; x_wconf 75' lang='grc' dir='ltr'>ω</span> <span class='ocrx_word' id='word_1_37' title='bbox 833 1265 855 1310; x_wconf 87' lang='lat' dir='ltr'><strong>n</strong></span> <span class='ocrx_word' id='word_1_38' title='bbox 885 1245 1016 1312; x_wconf 86' lang='lat' dir='ltr'><strong>viritim</strong></span> <span class='ocrx_word' id='word_1_39' title='bbox 1039 1244 1204 1311; x_wconf 85' lang='lat' dir='ltr'><strong>divisisse.</strong></span> 
     </span>
     <span class='ocr_line' id='line_1_7' title="bbox 45 1357 1205 1444; baseline 0.002 -22"><span class='ocrx_word' id='word_1_40' title='bbox 45 1358 130 1425; x_wconf 92' lang='lat' dir='ltr'><strong>Haec</strong></span> <span class='ocrx_word' id='word_1_41' title='bbox 165 1358 344 1426; x_wconf 88' lang='lat' dir='ltr'><strong>sufficient.</strong></span> <span class='ocrx_word' id='word_1_42' title='bbox 398 1358 476 1424; x_wconf 89' lang='lat' dir='ltr'><strong>Non</strong></span> <span class='ocrx_word' id='word_1_43' title='bbox 505 1357 691 1444; x_wconf 90' lang='lat' dir='ltr'><strong>indignum</strong></span> <span class='ocrx_word' id='word_1_44' title='bbox 726 1365 841 1424; x_wconf 90' lang='lat' dir='ltr'><strong>tamen</strong></span> <span class='ocrx_word' id='word_1_45' title='bbox 877 1363 995 1425; x_wconf 90' lang='lat' dir='ltr'><strong>notare</strong></span> <span class='ocrx_word' id='word_1_46' title='bbox 1031 1357 1205 1444; x_wconf 85' lang='lat' dir='ltr'><strong>congiaria</strong></span> 
     </span>
     <span class='ocr_line' id='line_1_8' title="bbox 45 1469 972 1558; baseline 0.002 -22"><span class='ocrx_word' id='word_1_47' title='bbox 45 1471 199 1557; x_wconf 90' lang='lat' dir='ltr'><strong>paulatim</strong></span> <span class='ocrx_word' id='word_1_48' title='bbox 223 1471 408 1538; x_wconf 78' lang='lat' dir='ltr'><strong>accrevisse</strong></span> <span class='ocrx_word' id='word_1_49' title='bbox 432 1477 466 1538; x_wconf 87' lang='lat' dir='ltr'><strong>el</strong></span> <span class='ocrx_word' id='word_1_50' title='bbox 490 1471 636 1538; x_wconf 91' lang='lat' dir='ltr'><strong>summis</strong></span> <span class='ocrx_word' id='word_1_51' title='bbox 659 1469 684 1558; x_wconf 85' lang='lat'><strong>¹)</strong></span> <span class='ocrx_word' id='word_1_52' title='bbox 708 1478 742 1537; x_wconf 91' lang='lat' dir='ltr'><strong>et</strong></span> <span class='ocrx_word' id='word_1_53' title='bbox 764 1492 918 1540; x_wconf 88' lang='lat' dir='ltr'><strong>numero.</strong></span> <span class='ocrx_word' id='word_1_54' title='bbox 943 1469 972 1558; x_wconf 78' lang='lat'><strong>⁹)</strong></span> 
     </span>
    </p>

    <p class='ocr_par' dir='ltr' id='par_1_3' title="bbox 45 1583 1205 2805">
     <span class='ocr_line' id='line_1_9' title="bbox 81 1583 1204 1673; baseline 0.003 -24"><span class='ocrx_word' id='word_1_55' title='bbox 81 1584 179 1652; x_wconf 87' lang='lat' dir='ltr'><strong>initio</strong></span> <span class='ocrx_word' id='word_1_56' title='bbox 213 1590 303 1651; x_wconf 86' lang='lat' dir='ltr'><strong>certe</strong></span> <span class='ocrx_word' id='word_1_57' title='bbox 338 1583 511 1670; x_wconf 87' lang='lat' dir='ltr'><strong>congiaria</strong></span> <span class='ocrx_word' id='word_1_58' title='bbox 546 1589 644 1651; x_wconf 88' lang='lat' dir='ltr'><strong>erant</strong></span> <span class='ocrx_word' id='word_1_59' title='bbox 678 1585 812 1672; x_wconf 86' lang='lat' dir='ltr'><strong>privata</strong></span> <span class='ocrx_word' id='word_1_60' title='bbox 836 1584 1083 1667; x_wconf 88' lang='lat' dir='ltr'><strong>munificentia,</strong></span> <span class='ocrx_word' id='word_1_61' title='bbox 1116 1606 1204 1673; x_wconf 87' lang='lat' dir='ltr'><strong>quaa</strong></span> 
     </span>
     <span class='ocr_line' id='line_1_10' title="bbox 45 1696 1205 1785; baseline 0.003 -23"><span class='ocrx_word' id='word_1_62' title='bbox 45 1696 151 1764; x_wconf 87' lang='lat' dir='ltr'><strong>mult-is</strong></span> <span class='ocrx_word' id='word_1_63' title='bbox 175 1696 313 1764; x_wconf 89' lang='lat' dir='ltr'><strong>valebat</strong></span> <span class='ocrx_word' id='word_1_64' title='bbox 336 1697 380 1764; x_wconf 90' lang='lat' dir='ltr'><strong>ad</strong></span> <span class='ocrx_word' id='word_1_65' title='bbox 403 1719 524 1763; x_wconf 87' lang='lat' dir='ltr'><strong>auram</strong></span> <span class='ocrx_word' id='word_1_66' title='bbox 548 1696 752 1785; x_wconf 87' lang='lat' dir='ltr'><strong>popularem</strong></span> <span class='ocrx_word' id='word_1_67' title='bbox 772 1698 988 1785; x_wconf 86' lang='lat' dir='ltr'><strong>captandam,</strong></span> <span class='ocrx_word' id='word_1_68' title='bbox 1001 1698 1046 1765; x_wconf 93' lang='lat' dir='ltr'><strong>ad</strong></span> <span class='ocrx_word' id='word_1_69' title='bbox 1058 1699 1205 1766; x_wconf 86' lang='lat' dir='ltr'><strong>honores</strong></span> 
     </span>
     <span class='ocr_line' id='line_1_11' title="bbox 45 1809 1204 1898; baseline 0.002 -23"><span class='ocrx_word' id='word_1_70' title='bbox 45 1811 277 1898; x_wconf 87' lang='lat' dir='ltr'><strong>adipiscendos,</strong></span> <span class='ocrx_word' id='word_1_71' title='bbox 312 1811 396 1877; x_wconf 88' lang='lat' dir='ltr'><strong>item</strong></span> <span class='ocrx_word' id='word_1_72' title='bbox 430 1809 474 1877; x_wconf 87' lang='lat' dir='ltr'><strong>ad</strong></span> <span class='ocrx_word' id='word_1_73' title='bbox 508 1816 623 1897; x_wconf 90' lang='lat' dir='ltr'><strong>gratos</strong></span> <span class='ocrx_word' id='word_1_74' title='bbox 658 1833 692 1877; x_wconf 93' lang='lat' dir='ltr'><strong>se</strong></span> <span class='ocrx_word' id='word_1_75' title='bbox 727 1811 949 1898; x_wconf 88' lang='lat' dir='ltr'><strong>praebendos,</strong></span> <span class='ocrx_word' id='word_1_76' title='bbox 985 1832 1065 1878; x_wconf 94' lang='lat' dir='ltr'><strong>cum</strong></span> <span class='ocrx_word' id='word_1_77' title='bbox 1100 1811 1204 1879; x_wconf 92' lang='lat' dir='ltr'><strong>alicui</strong></span> 
     </span>
     <span class='ocr_line' id='line_1_12' title="bbox 46 1923 1204 2011; baseline 0.002 -22"><span class='ocrx_word' id='word_1_78' title='bbox 46 1926 168 1991; x_wconf 90' lang='lat' dir='ltr'><strong>muneri</strong></span> <span class='ocrx_word' id='word_1_79' title='bbox 202 1930 301 1991; x_wconf 90' lang='lat' dir='ltr'><strong>erant</strong></span> <span class='ocrx_word' id='word_1_80' title='bbox 330 1924 501 2011; x_wconf 85' lang='lat' dir='ltr'><strong>praefecti,</strong></span> <span class='ocrx_word' id='word_1_81' title='bbox 532 1944 612 1991; x_wconf 91' lang='lat' dir='ltr'><strong>cum</strong></span> <span class='ocrx_word' id='word_1_82' title='bbox 637 1945 654 1990; x_wconf 93' lang='lat' dir='ltr'><strong>e</strong></span> <span class='ocrx_word' id='word_1_83' title='bbox 679 1923 768 1990; x_wconf 92' lang='lat' dir='ltr'><strong>bello</strong></span> <span class='ocrx_word' id='word_1_84' title='bbox 793 1925 938 1992; x_wconf 89' lang='lat' dir='ltr'><strong>victores</strong></span> <span class='ocrx_word' id='word_1_85' title='bbox 962 1925 1143 2007; x_wconf 85' lang='lat' dir='ltr'><strong>redierant,</strong></span> <span class='ocrx_word' id='word_1_86' title='bbox 1170 1931 1204 1992; x_wconf 90' lang='lat' dir='ltr'><strong>et</strong></span> 
     </span>
     <span class='ocr_line' id='line_1_13' title="bbox 46 2035 1200 2125; baseline 0.001 -22"><span class='ocrx_word' id='word_1_87' title='bbox 46 2059 122 2124; x_wconf 89' lang='lat' dir='ltr'><strong>quae</strong></span> <span class='ocrx_word' id='word_1_88' title='bbox 149 2045 230 2104; x_wconf 91' lang='lat' dir='ltr'><strong>sunt</strong></span> <span class='ocrx_word' id='word_1_89' title='bbox 252 2037 386 2123; x_wconf 86' lang='lat' dir='ltr'><strong>generis</strong></span> <span class='ocrx_word' id='word_1_90' title='bbox 408 2037 561 2104; x_wconf 90' lang='lat' dir='ltr'><strong>eiusdem</strong></span> <span class='ocrx_word' id='word_1_91' title='bbox 584 2043 706 2105; x_wconf 85' lang='lat' dir='ltr'><strong>cetera.</strong></span> <span class='ocrx_word' id='word_1_92' title='bbox 730 2035 756 2124; x_wconf 83' lang='lat'><strong>³)</strong></span> <span class='ocrx_word' id='word_1_93' title='bbox 802 2037 961 2104; x_wconf 79' lang='lat' dir='ltr'><strong>Caesares</strong></span> <span class='ocrx_word' id='word_1_94' title='bbox 985 2038 1200 2125; x_wconf 89' lang='lat' dir='ltr'><strong>privatorum</strong></span> 
     </span>
     <span class='ocr_line' id='line_1_14' title="bbox 47 2150 1201 2239; baseline 0.001 -22"><span class='ocrx_word' id='word_1_95' title='bbox 47 2151 183 2238; x_wconf 87' lang='lat' dir='ltr'><strong>vestigiis</strong></span> <span class='ocrx_word' id='word_1_96' title='bbox 214 2151 373 2218; x_wconf 87' lang='lat' dir='ltr'><strong>institisse</strong></span> <span class='ocrx_word' id='word_1_97' title='bbox 397 2151 496 2218; x_wconf 85' lang='lat' dir='ltr'><strong>facile</strong></span> <span class='ocrx_word' id='word_1_98' title='bbox 519 2150 761 2237; x_wconf 86' lang='lat' dir='ltr'><strong>intellegimus,</strong></span> <span class='ocrx_word' id='word_1_99' title='bbox 785 2159 824 2218; x_wconf 90' lang='lat' dir='ltr'><strong>ut</strong></span> <span class='ocrx_word' id='word_1_100' title='bbox 848 2151 975 2238; x_wconf 87' lang='lat' dir='ltr'><strong>quibus</strong></span> <span class='ocrx_word' id='word_1_101' title='bbox 998 2151 1107 2239; x_wconf 89' lang='lat' dir='ltr'><strong>plebis</strong></span> <span class='ocrx_word' id='word_1_102' title='bbox 1130 2152 1201 2218; x_wconf 87' lang='lat' dir='ltr'><strong>ani·</strong></span> 
     </span>
     <span class='ocr_line' id='line_1_15' title="bbox 46 2264 1203 2352; baseline 0.003 -23"><span class='ocrx_word' id='word_1_103' title='bbox 46 2286 108 2331; x_wconf 92' lang='lat' dir='ltr'><strong>mos</strong></span> <span class='ocrx_word' id='word_1_104' title='bbox 136 2265 200 2332; x_wconf 88' lang='lat' dir='ltr'><strong>sibi</strong></span> <span class='ocrx_word' id='word_1_105' title='bbox 235 2264 414 2332; x_wconf 89' lang='lat' dir='ltr'><strong>conciliare</strong></span> <span class='ocrx_word' id='word_1_106' title='bbox 450 2264 543 2332; x_wconf 90' lang='lat' dir='ltr'><strong>cordi</strong></span> <span class='ocrx_word' id='word_1_107' title='bbox 577 2271 672 2332; x_wconf 88' lang='lat' dir='ltr'><strong>asset.</strong></span> <span class='ocrx_word' id='word_1_108' title='bbox 719 2265 810 2331; x_wconf 80' lang='lat' dir='ltr'><strong>Tum</strong></span> <span class='ocrx_word' id='word_1_109' title='bbox 845 2286 926 2333; x_wconf 85' lang='lat' dir='ltr'><strong>vero</strong></span> <span class='ocrx_word' id='word_1_110' title='bbox 949 2266 1203 2352; x_wconf 85' lang='lat' dir='ltr'><strong>congiariorum</strong></span> 
     </span>
     <span class='ocr_line' id='line_1_16' title="bbox 46 2379 1204 2466; baseline 0.004 -24"><span class='ocrx_word' id='word_1_111' title='bbox 46 2385 155 2445; x_wconf 87' lang='lat' dir='ltr'><strong>natura</strong></span> <span class='ocrx_word' id='word_1_112' title='bbox 194 2379 320 2446; x_wconf 90' lang='lat' dir='ltr'><strong>sensim</strong></span> <span class='ocrx_word' id='word_1_113' title='bbox 343 2384 393 2446; x_wconf 91' lang='lat' dir='ltr'><strong>est</strong></span> <span class='ocrx_word' id='word_1_114' title='bbox 415 2379 617 2460; x_wconf 87' lang='lat' dir='ltr'><strong>immutata;</strong></span> <span class='ocrx_word' id='word_1_115' title='bbox 643 2400 660 2445; x_wconf 92' lang='lat' dir='ltr'><strong>e</strong></span> <span class='ocrx_word' id='word_1_116' title='bbox 684 2379 819 2466; x_wconf 85' lang='lat' dir='ltr'><strong>privata</strong></span> <span class='ocrx_word' id='word_1_117' title='bbox 840 2379 1076 2447; x_wconf 90' lang='lat' dir='ltr'><strong>munificentia</strong></span> <span class='ocrx_word' id='word_1_118' title='bbox 1100 2379 1204 2447; x_wconf 89' lang='lat' dir='ltr'><strong>fiebat</strong></span> 
     </span>
     <span class='ocr_line' id='line_1_17' title="bbox 46 2491 1203 2580; baseline 0.004 -25"><span class='ocrx_word' id='word_1_119' title='bbox 46 2491 170 2576; x_wconf 89' lang='lat' dir='ltr'><strong>publica</strong></span> <span class='ocrx_word' id='word_1_120' title='bbox 203 2491 350 2578; x_wconf 84' lang='lat' dir='ltr'><strong>largitio.</strong></span> <span class='ocrx_word' id='word_1_121' title='bbox 396 2492 571 2558; x_wconf 88' lang='lat' dir='ltr'><strong>Nimirum</strong></span> <span class='ocrx_word' id='word_1_122' title='bbox 605 2498 752 2580; x_wconf 89' lang='lat' dir='ltr'><strong>utraque</strong></span> <span class='ocrx_word' id='word_1_123' title='bbox 788 2491 1003 2580; x_wconf 83' lang='lat' dir='ltr'><strong>aliquamdiu</strong></span> <span class='ocrx_word' id='word_1_124' title='bbox 1027 2493 1130 2560; x_wconf 92' lang='lat' dir='ltr'><strong>simul</strong></span> <span class='ocrx_word' id='word_1_125' title='bbox 1150 2515 1203 2560; x_wconf 91' lang='lat' dir='ltr'><strong>re-</strong></span> 
     </span>
     <span class='ocr_line' id='line_1_18' title="bbox 47 2605 1202 2694; baseline 0.003 -24"><span class='ocrx_word' id='word_1_126' title='bbox 47 2607 212 2690; x_wconf 89' lang='lat' dir='ltr'><strong>periuntur</strong></span> <span class='ocrx_word' id='word_1_127' title='bbox 246 2627 358 2694; x_wconf 92' lang='lat' dir='ltr'><strong>neque</strong></span> <span class='ocrx_word' id='word_1_128' title='bbox 393 2627 527 2693; x_wconf 90' lang='lat' dir='ltr'><strong>semper</strong></span> <span class='ocrx_word' id='word_1_129' title='bbox 561 2605 660 2672; x_wconf 85' lang='lat' dir='ltr'><strong>facile</strong></span> <span class='ocrx_word' id='word_1_130' title='bbox 695 2613 747 2672; x_wconf 90' lang='lat' dir='ltr'><strong>est</strong></span> <span class='ocrx_word' id='word_1_131' title='bbox 780 2605 825 2672; x_wconf 90' lang='lat' dir='ltr'><strong>ad</strong></span> <span class='ocrx_word' id='word_1_132' title='bbox 848 2606 1108 2675; x_wconf 91' lang='lat' dir='ltr'><strong>diiudicandum</strong></span> <span class='ocrx_word' id='word_1_133' title='bbox 1132 2610 1202 2674; x_wconf 89' lang='lat' dir='ltr'><strong>utri</strong></span> 
     </span>
     <span class='ocr_line' id='line_1_19' title="bbox 46 2718 1200 2805; baseline 0.003 -21"><span class='ocrx_word' id='word_1_134' title='bbox 46 2721 149 2802; x_wconf 84' lang='lat' dir='ltr'><strong>generi</strong></span> <span class='ocrx_word' id='word_1_135' title='bbox 182 2719 337 2805; x_wconf 87' lang='lat' dir='ltr'><strong>singulae</strong></span> <span class='ocrx_word' id='word_1_136' title='bbox 371 2718 568 2805; x_wconf 84' lang='lat' dir='ltr'><strong>largitiones</strong></span> <span class='ocrx_word' id='word_1_137' title='bbox 602 2719 880 2787; x_wconf 89' lang='lat' dir='ltr'><strong>adnumerandae</strong></span> <span class='ocrx_word' id='word_1_138' title='bbox 915 2721 993 2788; x_wconf 91' lang='lat' dir='ltr'><strong>sint.</strong></span> <span class='ocrx_word' id='word_1_139' title='bbox 1039 2721 1200 2789; x_wconf 82' lang='lat' dir='ltr'><strong>Ceterum</strong></span> 
     </span>
    </p>
   </div>
   <div class='ocr_carea' id='block_1_3' title="bbox 46 2905 1206 4390">
    <p class='ocr_par' dir='ltr' id='par_1_4' title="bbox 46 2905 1205 3889">
     <span class='ocr_line' id='line_1_20' title="bbox 73 2905 1202 2971; baseline 0.002 -15"><span class='ocrx_word' id='word_1_140' title='bbox 73 2909 91 2966; x_wconf 82' lang='lat' dir='ltr'><strong>l)</strong></span> <span class='ocrx_word' id='word_1_141' title='bbox 120 2906 190 2971; x_wconf 72' lang='lat' dir='ltr'><strong>Quod</strong></span> <span class='ocrx_word' id='word_1_142' title='bbox 215 2906 387 2971; x_wconf 84' lang='lat' dir='ltr'><strong>quodammodo</strong></span> <span class='ocrx_word' id='word_1_143' title='bbox 413 2906 459 2955; x_wconf 88' lang='lat' dir='ltr'><strong>ianr</strong></span> <span class='ocrx_word' id='word_1_144' title='bbox 486 2922 499 2954; x_wconf 95' lang='lat' dir='ltr'><strong>e</strong></span> <span class='ocrx_word' id='word_1_145' title='bbox 524 2905 684 2971; x_wconf 88' lang='lat' dir='ltr'><strong>superioribus</strong></span> <span class='ocrx_word' id='word_1_146' title='bbox 710 2905 833 2970; x_wconf 83' lang='lat' dir='ltr'><strong>intelleges</strong></span> <span class='ocrx_word' id='word_1_147' title='bbox 852 2905 994 2971; x_wconf 86' lang='lat' dir='ltr'><strong>planiusque</strong></span> <span class='ocrx_word' id='word_1_148' title='bbox 1010 2907 1111 2957; x_wconf 87' lang='lat' dir='ltr'><strong>efficitur</strong></span> <span class='ocrx_word' id='word_1_149' title='bbox 1126 2925 1154 2958; x_wconf 86' lang='lat' dir='ltr'><strong>ex</strong></span> <span class='ocrx_word' id='word_1_150' title='bbox 1170 2909 1202 2958; x_wconf 90' lang='lat' dir='ltr'><strong>iis</strong></span> 
     </span>
     <span class='ocr_line' id='line_1_21' title="bbox 46 2989 1203 3057; baseline 0.003 -19"><span class='ocrx_word' id='word_1_151' title='bbox 46 3004 94 3050; x_wconf 84' lang='lat' dir='ltr'><strong>qaae</strong></span> <span class='ocrx_word' id='word_1_152' title='bbox 115 3007 127 3039; x_wconf 91' lang='lat' dir='ltr'><strong>e</strong></span> <span class='ocrx_word' id='word_1_153' title='bbox 150 2989 327 3055; x_wconf 77' lang='lat' dir='ltr'><strong>chronographo</strong></span> <span class='ocrx_word' id='word_1_154' title='bbox 352 2990 469 3054; x_wconf 78' lang='lat' dir='ltr'><strong>congessit</strong></span> <span class='ocrx_word' id='word_1_155' title='bbox 493 2989 638 3054; x_wconf 84' lang='lat' dir='ltr'><strong>Marquardt.</strong></span> <span class='ocrx_word' id='word_1_156' title='bbox 672 2990 709 3039; x_wconf 87' lang='lat' dir='ltr'><strong>De</strong></span> <span class='ocrx_word' id='word_1_157' title='bbox 739 2990 811 3038; x_wconf 91' lang='lat' dir='ltr'><strong>huins</strong></span> <span class='ocrx_word' id='word_1_158' title='bbox 828 2990 929 3039; x_wconf 86' lang='lat' dir='ltr'><strong>summis</strong></span> <span class='ocrx_word' id='word_1_159' title='bbox 945 2990 1002 3040; x_wconf 87' lang='lat' dir='ltr'><strong>haee</strong></span> <span class='ocrx_word' id='word_1_160' title='bbox 1019 2990 1117 3040; x_wconf 83' lang='lat' dir='ltr'><strong>scribit:</strong></span> <span class='ocrx_word' id='word_1_161' title='bbox 1136 2994 1203 3057; x_wconf 85' lang='lat' dir='ltr'><strong>,Ans</strong></span> 
     </span>
     <span class='ocr_line' id='line_1_22' title="bbox 46 3071 1202 3138; baseline 0.005 -19"><span class='ocrx_word' id='word_1_162' title='bbox 46 3071 112 3122; x_wconf 84' lang='lat' dir='ltr'><strong>diesen</strong></span> <span class='ocrx_word' id='word_1_163' title='bbox 132 3072 220 3122; x_wconf 80' lang='lat' dir='ltr'><strong>Zahlen</strong></span> <span class='ocrx_word' id='word_1_164' title='bbox 242 3073 306 3122; x_wconf 83' lang='lat' dir='ltr'><strong>kann</strong></span> <span class='ocrx_word' id='word_1_165' title='bbox 323 3089 378 3122; x_wconf 88' lang='lat' dir='ltr'><strong>man</strong></span> <span class='ocrx_word' id='word_1_166' title='bbox 396 3089 457 3122; x_wconf 77' lang='lat' dir='ltr'><strong>asar</strong></span> <span class='ocrx_word' id='word_1_167' title='bbox 473 3073 516 3121; x_wconf 81' lang='lat' dir='ltr'><strong>auf</strong></span> <span class='ocrx_word' id='word_1_168' title='bbox 530 3073 568 3121; x_wconf 91' lang='lat' dir='ltr'><strong>die</strong></span> <span class='ocrx_word' id='word_1_169' title='bbox 584 3073 690 3122; x_wconf 89' lang='lat' dir='ltr'><strong>absolute</strong></span> <span class='ocrx_word' id='word_1_170' title='bbox 706 3074 803 3121; x_wconf 85' lang='lat' dir='ltr'><strong>Summe</strong></span> <span class='ocrx_word' id='word_1_171' title='bbox 820 3074 862 3122; x_wconf 87' lang='lat' dir='ltr'><strong>der</strong></span> <span class='ocrx_word' id='word_1_172' title='bbox 879 3074 987 3138; x_wconf 80' lang='lat' dir='ltr'><strong>Arisgahe</strong></span> <span class='ocrx_word' id='word_1_173' title='bbox 1005 3073 1090 3123; x_wconf 79' lang='lat' dir='ltr'><strong>kainon</strong></span> <span class='ocrx_word' id='word_1_174' title='bbox 1108 3075 1202 3125; x_wconf 89' lang='lat' dir='ltr'><strong>sichern</strong></span> 
     </span>
     <span class='ocr_line' id='line_1_23' title="bbox 47 3153 1203 3221; baseline 0.005 -20"><span class='ocrx_word' id='word_1_175' title='bbox 47 3153 127 3206; x_wconf 86' lang='lat' dir='ltr'><strong>Schluss</strong></span> <span class='ocrx_word' id='word_1_176' title='bbox 143 3157 250 3216; x_wconf 87' lang='lat' dir='ltr'><strong>macheu,</strong></span> <span class='ocrx_word' id='word_1_177' title='bbox 267 3157 297 3205; x_wconf 91' lang='lat' dir='ltr'><strong>da</strong></span> <span class='ocrx_word' id='word_1_178' title='bbox 313 3157 354 3205; x_wconf 89' lang='lat' dir='ltr'><strong>das</strong></span> <span class='ocrx_word' id='word_1_179' title='bbox 371 3155 532 3206; x_wconf 83' lang='lat' dir='ltr'><strong>Veraeichniss</strong></span> <span class='ocrx_word' id='word_1_180' title='bbox 550 3157 624 3205; x_wconf 77' lang='lat' dir='ltr'><strong>aeder</strong></span> <span class='ocrx_word' id='word_1_181' title='bbox 640 3172 699 3220; x_wconf 83' lang='lat' dir='ltr'><strong>ganz</strong></span> <span class='ocrx_word' id='word_1_182' title='bbox 717 3156 860 3221; x_wconf 78' lang='lat' dir='ltr'><strong>vollsb&#39;indig</strong></span> <span class='ocrx_word' id='word_1_183' title='bbox 877 3157 916 3216; x_wconf 83' lang='lat' dir='ltr'><strong>iet,</strong></span> <span class='ocrx_word' id='word_1_184' title='bbox 934 3157 995 3206; x_wconf 90' lang='lat' dir='ltr'><strong>noch</strong></span> <span class='ocrx_word' id='word_1_185' title='bbox 1012 3158 1051 3206; x_wconf 89' lang='lat' dir='ltr'><strong>die</strong></span> <span class='ocrx_word' id='word_1_186' title='bbox 1067 3158 1203 3208; x_wconf 79' lang='lat' dir='ltr'><strong>Geechenlre</strong></span> 
     </span>
     <span class='ocr_line' id='line_1_24' title="bbox 47 3237 1203 3306; baseline 0.007 -23"><span class='ocrx_word' id='word_1_187' title='bbox 47 3252 70 3284; x_wconf 86' lang='lat' dir='ltr'><strong>an</strong></span> <span class='ocrx_word' id='word_1_188' title='bbox 84 3238 219 3289; x_wconf 84' lang='lat' dir='ltr'><strong>Naturalien</strong></span> <span class='ocrx_word' id='word_1_189' title='bbox 237 3240 263 3288; x_wconf 92' lang='lat' dir='ltr'><strong>in</strong></span> <span class='ocrx_word' id='word_1_190' title='bbox 279 3241 366 3288; x_wconf 86' lang='lat' dir='ltr'><strong>Ansatz</strong></span> <span class='ocrx_word' id='word_1_191' title='bbox 383 3238 470 3302; x_wconf 74' lang='lat' dir='ltr'><strong>bringi,</strong></span> <span class='ocrx_word' id='word_1_192' title='bbox 488 3237 550 3287; x_wconf 83' lang='lat' dir='ltr'><strong>wohl</strong></span> <span class='ocrx_word' id='word_1_193' title='bbox 567 3239 622 3288; x_wconf 88' lang='lat' dir='ltr'><strong>aher</strong></span> <span class='ocrx_word' id='word_1_194' title='bbox 639 3239 772 3303; x_wconf 81' lang='lat' dir='ltr'><strong>disgressa</strong></span> <span class='ocrx_word' id='word_1_195' title='bbox 789 3239 991 3290; x_wconf 85' lang='lat' dir='ltr'><strong>Zunahmedieees</strong></span> <span class='ocrx_word' id='word_1_196' title='bbox 999 3240 1203 3306; x_wconf 84' lang='lat' dir='ltr'><strong>Ansgabepostens</strong></span> 
     </span>
     <span class='ocr_line' id='line_1_25' title="bbox 47 3319 1202 3387; baseline 0.008 -21"><span class='ocrx_word' id='word_1_197' title='bbox 47 3319 74 3368; x_wconf 90' lang='lat' dir='ltr'><strong>in</strong></span> <span class='ocrx_word' id='word_1_198' title='bbox 95 3323 162 3372; x_wconf 74' lang='lat' dir='ltr'><strong>lause</strong></span> <span class='ocrx_word' id='word_1_199' title='bbox 186 3323 228 3372; x_wconf 88' lang='lat' dir='ltr'><strong>der</strong></span> <span class='ocrx_word' id='word_1_200' title='bbox 250 3323 378 3372; x_wconf 83' lang='lat' dir='ltr'><strong>Kaiscrzeit</strong></span> <span class='ocrx_word' id='word_1_201' title='bbox 394 3322 519 3372; x_wconf 85' lang='lat' dir='ltr'><strong>erlennen.</strong></span> <span class='ocrx_word' id='word_1_202' title='bbox 553 3322 586 3370; x_wconf 76' lang='lat' dir='ltr'><strong>Es</strong></span> <span class='ocrx_word' id='word_1_203' title='bbox 602 3322 686 3387; x_wconf 87' lang='lat' dir='ltr'><strong>hetrug</strong></span> <span class='ocrx_word' id='word_1_204' title='bbox 704 3322 808 3372; x_wconf 75' lang='lat' dir='ltr'><strong>nimlich</strong></span> <span class='ocrx_word' id='word_1_205' title='bbox 826 3323 852 3372; x_wconf 92' lang='lat' dir='ltr'><strong>in</strong></span> <span class='ocrx_word' id='word_1_206' title='bbox 869 3324 914 3372; x_wconf 93' lang='lat' dir='ltr'><strong>den</strong></span> <span class='ocrx_word' id='word_1_207' title='bbox 934 3323 982 3372; x_wconf 88' lang='grc'><strong>100</strong></span> <span class='ocrx_word' id='word_1_208' title='bbox 999 3324 1087 3373; x_wconf 85' lang='lat' dir='ltr'><strong>Jahren</strong></span> <span class='ocrx_word' id='word_1_209' title='bbox 1104 3341 1151 3374; x_wconf 83' lang='lat' dir='ltr'><strong>von</strong></span> <span class='ocrx_word' id='word_1_210' title='bbox 1169 3327 1202 3376; x_wconf 77' lang='lat'><strong>46</strong></span> 
     </span>
     <span class='ocr_line' id='line_1_26' title="bbox 47 3405 1203 3471; baseline 0.006 -21"><span class='ocrx_word' id='word_1_211' title='bbox 47 3418 65 3452; x_wconf 86' lang='lat' dir='ltr'><strong>r.</strong></span> <span class='ocrx_word' id='word_1_212' title='bbox 87 3405 136 3456; x_wconf 81' lang='lat' dir='ltr'><strong>Chr.</strong></span> <span class='ocrx_word' id='word_1_213' title='bbox 162 3406 199 3456; x_wconf 86' lang='lat' dir='ltr'><strong>bia</strong></span> <span class='ocrx_word' id='word_1_214' title='bbox 224 3423 252 3455; x_wconf 83' lang='lat' dir='ltr'><strong>nu</strong></span> <span class='ocrx_word' id='word_1_215' title='bbox 279 3405 400 3455; x_wconf 84' lang='lat' dir='ltr'><strong>Claudius’</strong></span> <span class='ocrx_word' id='word_1_216' title='bbox 426 3406 489 3455; x_wconf 76' lang='lat' dir='ltr'><strong>&#39;l&#39;ode</strong></span> <span class='ocrx_word' id='word_1_217' title='bbox 513 3405 551 3454; x_wconf 87' lang='lat' dir='ltr'><strong>die</strong></span> <span class='ocrx_word' id='word_1_218' title='bbox 579 3405 676 3454; x_wconf 87' lang='lat' dir='ltr'><strong>Summe</strong></span> <span class='ocrx_word' id='word_1_219' title='bbox 702 3407 742 3455; x_wconf 89' lang='lat' dir='ltr'><strong>der</strong></span> <span class='ocrx_word' id='word_1_220' title='bbox 759 3406 900 3471; x_wconf 79' lang='lat' dir='ltr'><strong>Congiarien</strong></span> <span class='ocrx_word' id='word_1_221' title='bbox 920 3407 1086 3466; x_wconf 67' lang='lat' dir='ltr'><strong>alestanno</strong></span> <span class='ocrx_word' id='word_1_222' title='bbox 1104 3408 1203 3469; x_wconf 90' lang='lat' dir='ltr'><strong>Denare,</strong></span> 
     </span>
     <span class='ocr_line' id='line_1_27' title="bbox 48 3485 1203 3551; baseline 0.005 -17"><span class='ocrx_word' id='word_1_223' title='bbox 48 3485 87 3534; x_wconf 87' lang='lat' dir='ltr'><strong>also</strong></span> <span class='ocrx_word' id='word_1_224' title='bbox 108 3491 148 3539; x_wconf 82' lang='lat' dir='ltr'><strong>aus</strong></span> <span class='ocrx_word' id='word_1_225' title='bbox 170 3491 211 3540; x_wconf 86' lang='lat' dir='ltr'><strong>das</strong></span> <span class='ocrx_word' id='word_1_226' title='bbox 236 3490 296 3539; x_wconf 86' lang='lat' dir='ltr'><strong>Jahr</strong></span> <span class='ocrx_word' id='word_1_227' title='bbox 320 3489 452 3547; x_wconf 63' lang='lat' dir='ltr'><strong>alsamo</strong></span> <span class='ocrx_word' id='word_1_228' title='bbox 478 3489 569 3538; x_wconf 86' lang='lat' dir='ltr'><strong>Denare</strong></span> <span class='ocrx_word' id='word_1_229' title='bbox 594 3490 736 3551; x_wconf 84' lang='lat'><strong>(1,800‚000</strong></span> <span class='ocrx_word' id='word_1_230' title='bbox 763 3490 816 3550; x_wconf 84' lang='grc' dir='ltr'>Μ.),</span> <span class='ocrx_word' id='word_1_231' title='bbox 844 3491 869 3539; x_wconf 93' lang='lat' dir='ltr'><strong>in</strong></span> <span class='ocrx_word' id='word_1_232' title='bbox 896 3491 940 3540; x_wconf 91' lang='lat' dir='ltr'><strong>den</strong></span> <span class='ocrx_word' id='word_1_233' title='bbox 969 3491 1015 3540; x_wconf 78' lang='lat' dir='ltr'><strong>lto</strong></span> <span class='ocrx_word' id='word_1_234' title='bbox 1040 3492 1128 3541; x_wconf 82' lang='lat' dir='ltr'><strong>Jahren</strong></span> <span class='ocrx_word' id='word_1_235' title='bbox 1157 3508 1203 3541; x_wconf 86' lang='lat' dir='ltr'><strong>von</strong></span> 
     </span>
     <span class='ocr_line' id='line_1_28' title="bbox 48 3569 1205 3639; baseline 0.007 -24"><span class='ocrx_word' id='word_1_236' title='bbox 48 3569 99 3619; x_wconf 87' lang='lat' dir='ltr'><strong>Nero</strong></span> <span class='ocrx_word' id='word_1_237' title='bbox 121 3574 157 3622; x_wconf 88' lang='lat' dir='ltr'><strong>bis</strong></span> <span class='ocrx_word' id='word_1_238' title='bbox 182 3573 312 3639; x_wconf 85' lang='lat' dir='ltr'><strong>Septimius</strong></span> <span class='ocrx_word' id='word_1_239' title='bbox 337 3572 442 3622; x_wconf 85' lang='lat' dir='ltr'><strong>Severua’</strong></span> <span class='ocrx_word' id='word_1_240' title='bbox 471 3572 521 3621; x_wconf 76' lang='lat' dir='ltr'><strong>&#39;l&#39;od</strong></span> <span class='ocrx_word' id='word_1_241' title='bbox 549 3572 738 3631; x_wconf 80' lang='lat'><strong>1,269‚500,000</strong></span> <span class='ocrx_word' id='word_1_242' title='bbox 765 3574 863 3631; x_wconf 88' lang='lat' dir='ltr'><strong>Densre,</strong></span> <span class='ocrx_word' id='word_1_243' title='bbox 889 3573 939 3622; x_wconf 89' lang='lat' dir='ltr'><strong>also</strong></span> <span class='ocrx_word' id='word_1_244' title='bbox 956 3575 999 3622; x_wconf 88' lang='lat' dir='ltr'><strong>aul&#39;</strong></span> <span class='ocrx_word' id='word_1_245' title='bbox 1014 3574 1054 3623; x_wconf 86' lang='lat' dir='ltr'><strong>das</strong></span> <span class='ocrx_word' id='word_1_246' title='bbox 1071 3575 1129 3623; x_wconf 87' lang='lat' dir='ltr'><strong>Jahr</strong></span> <span class='ocrx_word' id='word_1_247' title='bbox 1146 3574 1205 3624; x_wconf 85' lang='lat' dir='ltr'><strong>iiber·</strong></span> 
     </span>
     <span class='ocr_line' id='line_1_29' title="bbox 50 3652 1204 3721; baseline 0.003 -19"><span class='ocrx_word' id='word_1_248' title='bbox 50 3652 131 3705; x_wconf 82' lang='lat' dir='ltr'><strong>bMill.</strong></span> <span class='ocrx_word' id='word_1_249' title='bbox 150 3658 239 3706; x_wconf 86' lang='lat' dir='ltr'><strong>Denare</strong></span> <span class='ocrx_word' id='word_1_250' title='bbox 256 3657 312 3705; x_wconf 87' lang='lat' dir='ltr'><strong>oder</strong></span> <span class='ocrx_word' id='word_1_251' title='bbox 329 3657 344 3704; x_wconf 81' lang='lat' dir='ltr'><strong>b</strong></span> <span class='ocrx_word' id='word_1_252' title='bbox 361 3656 426 3705; x_wconf 89' lang='lat' dir='ltr'><strong>Mill.</strong></span> <span class='ocrx_word' id='word_1_253' title='bbox 445 3656 480 3705; x_wconf 82' lang='grc' dir='ltr'><strong>Μ.</strong></span> <span class='ocrx_word' id='word_1_254' title='bbox 499 3656 548 3704; x_wconf 91' lang='lat' dir='ltr'><strong>und</strong></span> <span class='ocrx_word' id='word_1_255' title='bbox 565 3655 627 3704; x_wconf 89' lang='lat' dir='ltr'><strong>diese</strong></span> <span class='ocrx_word' id='word_1_256' title='bbox 644 3656 785 3721; x_wconf 87' lang='lat' dir='ltr'><strong>Steigernng</strong></span> <span class='ocrx_word' id='word_1_257' title='bbox 801 3657 893 3707; x_wconf 86' lang='lat' dir='ltr'><strong>seheint</strong></span> <span class='ocrx_word' id='word_1_258' title='bbox 910 3661 987 3721; x_wconf 73' lang='lat' dir='ltr'><strong>opiter</strong></span> <span class='ocrx_word' id='word_1_259' title='bbox 1005 3657 1066 3706; x_wconf 89' lang='lat' dir='ltr'><strong>noch</strong></span> <span class='ocrx_word' id='word_1_260' title='bbox 1075 3656 1204 3706; x_wconf 86' lang='lat' dir='ltr'><strong>bedcutend</strong></span> 
     </span>
     <span class='ocr_line' id='line_1_30' title="bbox 49 3739 1204 3804; baseline 0.001 -17"><span class='ocrx_word' id='word_1_261' title='bbox 49 3749 200 3799; x_wconf 73' lang='lat' dir='ltr'><strong>mgcnemmen</strong></span> <span class='ocrx_word' id='word_1_262' title='bbox 226 3756 256 3788; x_wconf 82' lang='lat' dir='ltr'><strong>au</strong></span> <span class='ocrx_word' id='word_1_263' title='bbox 279 3739 363 3798; x_wconf 87' lang='lat' dir='ltr'><strong>haben,</strong></span> <span class='ocrx_word' id='word_1_264' title='bbox 379 3755 448 3788; x_wconf 80' lang='lat' dir='ltr'><strong>wenn</strong></span> <span class='ocrx_word' id='word_1_265' title='bbox 466 3755 521 3788; x_wconf 89' lang='lat' dir='ltr'><strong>man</strong></span> <span class='ocrx_word' id='word_1_266' title='bbox 538 3739 599 3788; x_wconf 86' lang='lat' dir='ltr'><strong>ench</strong></span> <span class='ocrx_word' id='word_1_267' title='bbox 616 3739 654 3788; x_wconf 90' lang='lat' dir='ltr'><strong>die</strong></span> <span class='ocrx_word' id='word_1_268' title='bbox 671 3739 861 3804; x_wconf 87' lang='lat' dir='ltr'><strong>Vermindcrung</strong></span> <span class='ocrx_word' id='word_1_269' title='bbox 878 3739 919 3788; x_wconf 89' lang='lat' dir='ltr'><strong>des</strong></span> <span class='ocrx_word' id='word_1_270' title='bbox 934 3739 1039 3788; x_wconf 83' lang='lat' dir='ltr'><strong>Warthes</strong></span> <span class='ocrx_word' id='word_1_271' title='bbox 1056 3739 1097 3788; x_wconf 89' lang='lat' dir='ltr'><strong>des</strong></span> <span class='ocrx_word' id='word_1_272' title='bbox 1114 3739 1204 3788; x_wconf 89' lang='lat' dir='ltr'><strong>Denars</strong></span> 
     </span>
     <span class='ocr_line' id='line_1_31' title="bbox 50 3817 707 3889; baseline 0.006 -21"><span class='ocrx_word' id='word_1_273' title='bbox 50 3817 69 3867; x_wconf 86' lang='lat' dir='ltr'><strong>in</strong></span> <span class='ocrx_word' id='word_1_274' title='bbox 84 3823 194 3889; x_wconf 79' lang='lat' dir='ltr'><strong>hnschlag</strong></span> <span class='ocrx_word' id='word_1_275' title='bbox 211 3823 316 3888; x_wconf 82' lang='lat' dir='ltr'><strong>bringt.”</strong></span> <span class='ocrx_word' id='word_1_276' title='bbox 329 3823 417 3888; x_wconf 75' lang='lat' dir='ltr'><strong>(Marq.</strong></span> <span class='ocrx_word' id='word_1_277' title='bbox 436 3823 453 3872; x_wconf 96' lang='lat' dir='ltr'><strong>l.</strong></span> <span class='ocrx_word' id='word_1_278' title='bbox 472 3824 490 3873; x_wconf 89' lang='lat' dir='ltr'><strong>l.</strong></span> <span class='ocrx_word' id='word_1_279' title='bbox 508 3841 561 3888; x_wconf 88' lang='lat' dir='ltr'><strong>pag.</strong></span> <span class='ocrx_word' id='word_1_280' title='bbox 582 3824 629 3872; x_wconf 76' lang='lat'><strong>139</strong></span> <span class='ocrx_word' id='word_1_281' title='bbox 648 3827 707 3889; x_wconf 78' lang='lat' dir='ltr'><strong>seq.)</strong></span> 
     </span>
    </p>

    <p class='ocr_par' dir='ltr' id='par_1_5' title="bbox 77 3904 919 3972">
     <span class='ocr_line' id='line_1_32' title="bbox 77 3904 919 3972; baseline -0.001 -17"><span class='ocrx_word' id='word_1_282' title='bbox 77 3904 92 3964; x_wconf 65' lang='grc' dir='ltr'>ἢ</span> <span class='ocrx_word' id='word_1_283' title='bbox 122 3909 221 3972; x_wconf 76' lang='lat' dir='ltr'><strong>Augusti</strong></span> <span class='ocrx_word' id='word_1_284' title='bbox 238 3912 317 3958; x_wconf 87' lang='lat' dir='ltr'><strong>tamen</strong></span> <span class='ocrx_word' id='word_1_285' title='bbox 334 3907 496 3956; x_wconf 86' lang='lat' dir='ltr'><strong>munificentia</strong></span> <span class='ocrx_word' id='word_1_286' title='bbox 513 3912 562 3956; x_wconf 85' lang='lat' dir='ltr'><strong>erat</strong></span> <span class='ocrx_word' id='word_1_287' title='bbox 578 3907 640 3956; x_wconf 81' lang='lat' dir='ltr'><strong>inter</strong></span> <span class='ocrx_word' id='word_1_288' title='bbox 656 3923 741 3972; x_wconf 85' lang='lat' dir='ltr'><strong>paucae</strong></span> <span class='ocrx_word' id='word_1_289' title='bbox 757 3906 919 3956; x_wconf 89' lang='lat' dir='ltr'><strong>memorabilis</strong></span> 
     </span>
    </p>

    <p class='ocr_par' dir='ltr' id='par_1_6' title="bbox 51 3985 1206 4390">
     <span class='ocr_line' id='line_1_33' title="bbox 78 3985 1205 4055; baseline -0.003 -15"><span class='ocrx_word' id='word_1_290' title='bbox 78 3985 94 4046; x_wconf 73' lang='lat' dir='ltr'><strong>&#39;l</strong></span> <span class='ocrx_word' id='word_1_291' title='bbox 123 3989 197 4054; x_wconf 78' lang='lat' dir='ltr'><strong>Quam</strong></span> <span class='ocrx_word' id='word_1_292' title='bbox 229 3991 329 4040; x_wconf 87' lang='lat' dir='ltr'><strong>efficacia</strong></span> <span class='ocrx_word' id='word_1_293' title='bbox 353 3994 431 4040; x_wconf 88' lang='lat' dir='ltr'><strong>essent</strong></span> <span class='ocrx_word' id='word_1_294' title='bbox 456 3990 485 4038; x_wconf 87' lang='lat' dir='ltr'><strong>ad</strong></span> <span class='ocrx_word' id='word_1_295' title='bbox 510 3989 648 4055; x_wconf 80' lang='lat' dir='ltr'><strong>popularem</strong></span> <span class='ocrx_word' id='word_1_296' title='bbox 673 3991 773 4054; x_wconf 88' lang='lat' dir='ltr'><strong>gratiam</strong></span> <span class='ocrx_word' id='word_1_297' title='bbox 799 3989 980 4048; x_wconf 84' lang='lat' dir='ltr'><strong>conciliandam,</strong></span> <span class='ocrx_word' id='word_1_298' title='bbox 1006 3988 1052 4054; x_wconf 91' lang='lat' dir='ltr'><strong>ipsi</strong></span> <span class='ocrx_word' id='word_1_299' title='bbox 1079 3989 1205 4053; x_wconf 85' lang='lat' dir='ltr'><strong>scriptores</strong></span> 
     </span>
     <span class='ocr_line' id='line_1_34' title="bbox 51 4072 1206 4138; baseline 0.004 -22"><span class='ocrx_word' id='word_1_300' title='bbox 51 4073 156 4123; x_wconf 80' lang='lat' dir='ltr'><strong>testantur.</strong></span> <span class='ocrx_word' id='word_1_301' title='bbox 189 4075 242 4124; x_wconf 84' lang='lat' dir='ltr'><strong>Liv.</strong></span> <span class='ocrx_word' id='word_1_302' title='bbox 259 4074 381 4132; x_wconf 84' lang='lat' dir='ltr'>XXXVII,</span> <span class='ocrx_word' id='word_1_303' title='bbox 400 4074 439 4130; x_wconf 79' lang='lat'><strong>57,</strong></span> <span class='ocrx_word' id='word_1_304' title='bbox 458 4073 488 4121; x_wconf 93' lang='lat' dir='ltr'><strong>ll</strong></span> <span class='ocrx_word' id='word_1_305' title='bbox 508 4073 536 4120; x_wconf 89' lang='lat' dir='ltr'><strong>de</strong></span> <span class='ocrx_word' id='word_1_306' title='bbox 553 4073 596 4122; x_wconf 91' lang='grc' dir='ltr'><strong>Μ’.</strong></span> <span class='ocrx_word' id='word_1_307' title='bbox 612 4072 691 4122; x_wconf 87' lang='lat' dir='ltr'><strong>Acilio</strong></span> <span class='ocrx_word' id='word_1_308' title='bbox 709 4072 852 4122; x_wconf 82' lang='lat' dir='ltr'><strong>Glabrione:</strong></span> <span class='ocrx_word' id='word_1_309' title='bbox 871 4072 916 4138; x_wconf 81' lang='lat' dir='ltr'><strong>„In</strong></span> <span class='ocrx_word' id='word_1_310' title='bbox 934 4072 998 4121; x_wconf 89' lang='lat' dir='ltr'><strong>hunc</strong></span> <span class='ocrx_word' id='word_1_311' title='bbox 1015 4073 1125 4132; x_wconf 86' lang='lat' dir='ltr'><strong>maxime,</strong></span> <span class='ocrx_word' id='word_1_312' title='bbox 1142 4072 1206 4136; x_wconf 91' lang='lat' dir='ltr'><strong>quod</strong></span> 
     </span>
     <span class='ocr_line' id='line_1_35' title="bbox 52 4152 1204 4222; baseline 0.003 -23"><span class='ocrx_word' id='word_1_313' title='bbox 52 4152 115 4203; x_wconf 86' lang='lat' dir='ltr'><strong>multa</strong></span> <span class='ocrx_word' id='word_1_314' title='bbox 137 4158 251 4222; x_wconf 84' lang='lat' dir='ltr'><strong>congiaria</strong></span> <span class='ocrx_word' id='word_1_315' title='bbox 276 4156 398 4216; x_wconf 86' lang='lat' dir='ltr'><strong>habuerat,</strong></span> <span class='ocrx_word' id='word_1_316' title='bbox 415 4155 502 4220; x_wconf 89' lang='lat' dir='ltr'><strong>quibus</strong></span> <span class='ocrx_word' id='word_1_317' title='bbox 523 4172 632 4220; x_wconf 88' lang='lat' dir='ltr'><strong>magnam</strong></span> <span class='ocrx_word' id='word_1_318' title='bbox 650 4161 738 4220; x_wconf 82' lang='lat' dir='ltr'><strong>partem</strong></span> <span class='ocrx_word' id='word_1_319' title='bbox 756 4156 880 4205; x_wconf 88' lang='lat' dir='ltr'><strong>hominurn</strong></span> <span class='ocrx_word' id='word_1_320' title='bbox 898 4154 1020 4220; x_wconf 87' lang='lat' dir='ltr'><strong>obligarat,</strong></span> <span class='ocrx_word' id='word_1_321' title='bbox 1036 4157 1102 4205; x_wconf 81' lang='lat' dir='ltr'><strong>favor</strong></span> <span class='ocrx_word' id='word_1_322' title='bbox 1121 4155 1204 4220; x_wconf 90' lang='lat' dir='ltr'><strong>populi</strong></span> 
     </span>
     <span class='ocr_line' id='line_1_36' title="bbox 53 4229 1205 4302; baseline 0.003 -18"><span class='ocrx_word' id='word_1_323' title='bbox 53 4247 72 4280; x_wconf 76' lang='lat' dir='ltr'><strong>se</strong></span> <span class='ocrx_word' id='word_1_324' title='bbox 93 4235 238 4290; x_wconf 87' lang='lat' dir='ltr'><strong>inclinabat.”</strong></span> <span class='ocrx_word' id='word_1_325' title='bbox 272 4241 323 4302; x_wconf 72' lang='lat' dir='ltr'><strong>Cic,</strong></span> <span class='ocrx_word' id='word_1_326' title='bbox 343 4239 407 4290; x_wconf 90' lang='lat' dir='ltr'><strong>Phil.</strong></span> <span class='ocrx_word' id='word_1_327' title='bbox 425 4239 459 4298; x_wconf 89' lang='grc' dir='ltr'><strong>ΙΙ,</strong></span> <span class='ocrx_word' id='word_1_328' title='bbox 477 4241 517 4298; x_wconf 81' lang='lat'><strong>45,</strong></span> <span class='ocrx_word' id='word_1_329' title='bbox 536 4239 584 4288; x_wconf 86' lang='grc'><strong>116</strong></span> <span class='ocrx_word' id='word_1_330' title='bbox 602 4240 631 4288; x_wconf 91' lang='lat' dir='ltr'><strong>de</strong></span> <span class='ocrx_word' id='word_1_331' title='bbox 648 4239 769 4288; x_wconf 85' lang='lat' dir='ltr'><strong>Antonio:</strong></span> <span class='ocrx_word' id='word_1_332' title='bbox 790 4238 955 4302; x_wconf 70' lang='lat' dir='ltr'><strong>,Muneribus</strong></span> <span class='ocrx_word' id='word_1_333' title='bbox 972 4239 1133 4299; x_wconf 84' lang='lat' dir='ltr'><strong>monimentis,</strong></span> <span class='ocrx_word' id='word_1_334' title='bbox 1150 4229 1205 4288; x_wconf 73' lang='lat' dir='ltr'><strong>cou-¹</strong></span> 
     </span>
     <span class='ocr_line' id='line_1_37' title="bbox 53 4316 739 4390; baseline -0.01 -12"><span class='ocrx_word' id='word_1_335' title='bbox 53 4316 129 4378; x_wconf 64' lang='lat' dir='ltr'><strong>dariis</strong></span> <span class='ocrx_word' id='word_1_336' title='bbox 145 4324 219 4390; x_wconf 74' lang='lat' dir='ltr'><strong>epuns</strong></span> <span class='ocrx_word' id='word_1_337' title='bbox 237 4325 419 4376; x_wconf 62' lang='lat' dir='ltr'><strong>munuum.</strong></span> <span class='ocrx_word' id='word_1_338' title='bbox 437 4323 572 4389; x_wconf 79' lang='lat' dir='ltr'><strong>imperium</strong></span> <span class='ocrx_word' id='word_1_339' title='bbox 588 4321 739 4372; x_wconf 60' lang='lat' dir='ltr'><strong>incursata</strong></span> 
     </span>
    </p>
   </div>
   <div class='ocr_carea' id='block_1_4' title="bbox 0 0 1535 5134">
    <p class='ocr_par' dir='ltr' id='par_1_7' title="bbox 0 0 1535 5134">
     <span class='ocr_line' id='line_1_38' title="bbox 0 0 1535 5134; baseline 0 0"><span class='ocrx_word' id='word_1_340' title='bbox 0 0 1535 5134; x_wconf 95' lang='lat' dir='ltr'><strong> </strong></span> 
     </span>
    </p>
   </div>
  </div>
 </body>
</html>
