3040 5134
876 555 939 620 116

320 755 379 800 eac
403 733 609 820 probandae,
636 753 724 820 quae
749 731 924 797 ministrae
949 736 1029 796 sunt
1052 729 1290 817 voluptatum:

364 846 541 927 (letarii,
567 845 692 925 lanii,
721 844 864 932 coqui,
893 843 1095 925 fartdres,
1121 843 1380 931 piscatores,

319 965 358 1024 ut
380 959 428 1025 ait
450 959 629 1026 Terentius
635 981 642 1039 ;
668 958 755 1023 adde
780 957 858 1038 huc,
873 957 1033 1044 siplacet,
1047 958 1304 1042 unguentarios,
1317 957 1475 1022 saltatores

318 1078 498 1159 totumque
517 1071 640 1137 ludum
658 1070 828 1137 talarium.
853 1071 986 1150 Quibus
1000 1077 1116 1136 autem
1130 1070 1260 1136 artibus
1274 1077 1333 1136 aut
1344 1070 1474 1158 pruden-

318 1185 366 1250 tia
389 1186 498 1251 maior
508 1185 597 1251 inest
609 1190 668 1250 aut
679 1205 749 1249 non
762 1183 942 1250 mediocris
955 1184 1086 1250 utilitas
1103 1185 1290 1271 quaeritur,
1304 1192 1342 1250 ut
1353 1183 1473 1249 medici·

317 1320 372 1379 na,
386 1305 425 1365 ut
436 1299 672 1378 architectura,
686 1303 724 1362 ut
736 1297 891 1363 doctrina
903 1318 1019 1364 rerum
1031 1297 1266 1379 honestarum,
1281 1319 1339 1363 eae
1349 1302 1422 1362 sunt
1432 1295 1472 1374 iis,

319 1432 466 1498 qnorum
479 1411 591 1478 ordini
604 1411 824 1492 conveniunt,
837 1410 1009 1477 honestae.
1033 1411 1269 1476 Mercatura
1292 1416 1427 1490 antem,
1448 1407 1473 1472 si

317 1525 556 1606 tennisest‚
580 1524 1138 1610 sordidaputandaest3
1163 1524 1472 1608 sinmagnaet

318 1637 518 1723 copiosa,
552 1637 706 1703 multa
726 1637 947 1724 undiquc
971 1644 1219 1724 apportans
1243 1636 1472 1722 multisque

318 1750 423 1818 sine
451 1751 680 1819 vanitate
703 1751 1001 1837 inpertiens,
1025 1771 1117 1815 non
1140 1756 1212 1816 est
1235 1749 1471 1816 admodum

318 1864 668 1951 vituperanda,
695 1870 842 1951 atque
863 1864 1022 1945 etiam,
1047 1863 1085 1928 si
1109 1864 1280 1930 satiata
1305 1863 1472 1951 quaestu

318 1977 655 2045 velcontenta
679 1978 867 2064 potius,
892 1983 1109 2064 utsaepe
1134 1977 1473 2062 exaltoinpor·

319 2098 427 2173 tum,
452 2092 636 2178 exipso
660 2096 805 2178 portu
829 2113 873 2156 se
897 2091 945 2155 in
969 2091 1473 2177 agrospossessiones·

321 2227 410 2292 que
456 2203 699 2285 contulit,
746 2203 949 2270 videtur
995 2204 1314 2291 iureoptimc
1352 2219 1471 2291 posse

320 2317 553 2383 landari.''
600 2318 695 2398 Viro,
730 2317 796 2404 ipsi
830 2318 979 2404 equestri
1012 2316 1087 2384 loco
1122 2321 1213 2399 nato,
1250 2318 1321 2404 qui,
1357 2324 1394 2382 ut
1413 2332 1471 2380 mos

321 2437 371 2497 est
415 2452 586 2497 novorum
631 2431 823 2512 hominnm,
859 2430 1028 2496 nobilium
1063 2431 1209 2515 gratiam
1245 2429 1470 2518 aucupabatur,

320 2543 409 2608 nihil
444 2543 583 2610 hercule
619 2543 751 2609 facilius
785 2549 858 2609 erat
893 2566 998 2631 quam
1033 2550 1252 2610 contemnere
1288 2567 1346 2611 ecs
1372 2539 1471 2631 quiin

322 2657 444 2723 sudore
479 2656 596 2724 vultus
619 2657 671 2722 sui
694 2678 782 2743 pane
805 2663 1032 2739 vescerentur,
1062 2657 1126 2723 sibi
1148 2665 1267 2723 contra
1292 2659 1409 2745 suique
1428 2674 1472 2739 ge·

322 2771 413 2836 neris
442 2770 641 2836 hominibus
667 2792 799 2836 sumere
824 2792 967 2855 magnas
981 2771 1090 2837 facere
1104 2778 1323 2854 mercaturas
1337 2794 1354 2838 e
1368 2769 1472 2858 quibus

322 2906 403 2950 cum
422 2884 613 2949 maximam
632 2884 815 2970 pecuniam
838 2884 1047 2969 redegissent
1072 2885 1201 2965 ,otium
1223 2891 1258 2951 et
1280 2885 1397 2973 oppidi
1416 2883 1472 2948 lau-

292 3073 296 3080 ,
323 2997 451 3062 dabant
485 3019 565 3063 rura
600 2998 683 3079 sui,'’
711 2995 735 3084 ¹)
767 3004 947 3084 quaestum
972 3019 1076 3084 quem
1099 2998 1250 3064 fecerant
1272 2999 1309 3064 in
1333 2994 1473 3065 colendos

322 3132 421 3196 agros
454 3110 675 3176 insumentes
700 3109 726 3197 2)

366 3225 546 3303 Quomodo
571 3230 687 3290 autem
709 3245 730 3288 a
752 3223 976 3310 locupletium
999 3225 1154 3291 sordibus
1170 3225 1472 3308 faeneratorumque

322 3338 455 3404 astutiis
488 3337 690 3422 tegebantur
724 3339 839 3404 miseri
873 3339 1000 3425 inopes
1039 3340 1099 3426 qui
1133 3335 1316 3426 pecuniam
1340 3332 1473 3405 mutuari

322 3452 429 3518 coacti
447 3451 571 3517 erant?
617 3450 743 3517 Crebra
777 3458 857 3517 sunt
878 3452 970 3537 leges
993 3451 1086 3538 plebi
1109 3453 1192 3519 scita
1214 3453 1343 3520 iudicia
1366 3451 1473 3540 quibus

321 3565 471 3631 Romani
505 3564 686 3632 avaritiam
720 3565 877 3632 cohibere
906 3587 1156 3654 usurarumque
1181 3568 1409 3654 quantitatem¹
1424 3564 1473 3630 cir-

320 3678 546 3745 cumscribere
585 3679 698 3744 conati
732 3685 821 3744 sunt.
868 3680 923 3744 Ex
956 3681 1030 3766 ipsa
1064 3681 1128 3746 hac
1163 3681 1357 3767 frequentia
1390 3675 1472 3745 facile

320 3793 467 3859 conicias
501 3814 541 3858 ea
575 3813 699 3879 parum
732 3792 833 3858 fnisse
868 3794 1027 3859 efficacia.
1063 3794 1105 3858 In
1122 3794 1314 3881 praecipuis
1340 3789 1473 3860 consiliis

319 3907 376 3972 hic
400 3906 517 3993 paucis
538 3906 822 3972 commorandum
845 3913 903 3973 est.
928 3906 953 3994 8)

354 4109 371 4168 ¹)
404 4109 462 4157 Hor.
482 4109 560 4158 Canu.
578 4110 598 4167 Ι,
618 4111 640 4168 1,
660 4110 698 4159 15.

352 4193 371 4251 2)
405 4191 442 4240 Ita
467 4196 584 4256 postrema
609 4193 681 4242 verba
706 4193 773 4242 illius
791 4193 837 4242 loci
855 4194 1005 4242 ciceroniani
1023 4195 1193 4258 interpretatur
1210 4193 1289 4259 Marq.
1307 4195 1343 4244 ll.
1360 4211 1408 4258 pag.
1425 4189 1471 4238 402-

350 4273 370 4337 ³)
405 4274 485 4325 Multa
501 4275 547 4325 huc
563 4277 710 4340 pertinentia
726 4280 749 4326 et
766 4277 941 4326 accuratissime
957 4281 981 4326 et
997 4277 1157 4342 copiosissime
1173 4292 1249 4342 nupor
1265 4278 1374 4327 tractavit
1386 4275 1471 4324 Billeter
