3040 5134
863 554 926 618 128

305 753 415 818 pauca
448 754 518 799 esse
553 733 643 799 facta
677 732 721 797 ad
754 731 905 798 tollenda
939 731 1031 797 mala
1066 753 1154 819 quae
1177 754 1221 799 ex
1244 733 1460 799 faeneratione

304 845 552 912 nascebantur:
599 845 751 912 obaerati
797 845 1017 926 iuvabantur,
1057 867 1179 911 usurae
1219 846 1459 926 minuebantur,

304 958 531 1025 faeneratores
554 958 800 1024 multabantur.
847 959 898 1024 Ac
915 964 1031 1024 tamen
1047 965 1179 1024 constat
1191 958 1366 1025 obaeratos
1377 959 1459 1025 omni

304 1078 457 1160 tempore
493 1072 595 1138 fuisse
619 1072 746 1138 multos
769 1072 974 1158 eosdemque
999 1071 1216 1137 miserrimos
1264 1073 1363 1139 Unde
1386 1073 1458 1138 haee

305 1208 357 1252 res
380 1192 430 1252 est
452 1185 682 1270 explicanda?
704 1186 760 1250 Ex
783 1185 866 1272 ipsa,
886 1185 1017 1272 opinor,
1031 1191 1228 1272 temporum
1242 1187 1338 1272 quasi
1349 1192 1458 1251 natura

306 1298 445 1386 qualem
467 1320 570 1385 supra
593 1298 843 1385 descripsimus
868 1298 1017 1384 Legibus
1041 1305 1158 1366 autem
1181 1299 1241 1364 illa
1257 1299 1457 1365 malesanari

305 1434 376 1478 non
398 1417 555 1499 poterant
567 1435 574 1493 ;
600 1412 644 1478 ad
665 1411 725 1477 illa
747 1411 968 1497 exstirpanda
989 1434 1124 1478 necesse
1148 1418 1220 1478 erat
1237 1413 1456 1498 magnafieret

305 1525 527 1591 commutatio
562 1547 687 1591 rerum.
725 1523 749 1610 ¹)
795 1525 993 1591 Dolendum
1026 1532 1076 1591 est
1113 1526 1206 1613 quod
1240 1549 1282 1592 ne
1318 1525 1456 1592 saluteris

306 1639 446 1726 quidem
479 1637 539 1703 illa
572 1639 724 1705 Caesaris
761 1638 818 1704 lex
853 1639 897 1704 ad
931 1639 1092 1705 effectum
1115 1640 1240 1705 adduci
1264 1640 1379 1726 potuit,
1405 1639 1454 1719 „de

304 1751 407 1818 modo
441 1751 601 1818 credendi
635 1751 897 1838 possidendique
932 1752 1022 1817 intra
1056 1752 1226 1835 Italiam’'‚
1264 1754 1344 1840 quia
1365 1757 1455 1816 —ut

304 1887 407 1952 supra
429 1865 529 1932 docui
552 1865 578 1952 ²)
601 1904 645 1915 —
668 1866 752 1932 haec
774 1865 832 1931 lex
855 1887 894 1931 eo
918 1872 1084 1952 spectasse
1110 1867 1253 1947 videtur,
1278 1873 1317 1932 ut
1344 1865 1454 1950 negotii

303 1985 459 2064 gerentes
482 1980 531 2046 rei
553 1979 731 2045 familiaris
753 1985 885 2066 partem
909 1979 945 2042 in
957 1978 1117 2045 colendos
1129 2001 1228 2065 agros
1240 1980 1452 2046 insumerent:

304 2114 387 2159 nam
413 2091 520 2173 „nihil
544 2098 594 2158 est
616 2093 690 2177 agri
712 2092 847 2158 cultura
870 2092 1024 2158 melius''.
1049 2091 1075 2179 3)
1121 2093 1332 2178 Rogationes
1353 2097 1453 2160 contra

303 2206 345 2272 de
375 2206 474 2274 novis
508 2205 635 2271 tabulis
669 2212 703 2272 et
736 2207 777 2272 de
809 2205 964 2272 mercede
988 2205 1243 2272 habitationum
1267 2204 1452 2272 remittenda

303 2319 493 2386 multorum
531 2318 659 2385 scilicet
696 2319 863 2384 afflictum
898 2324 1025 2384 statum
1060 2318 1297 2403 sublevabant,
1335 2319 1451 2387 easdem

302 2440 420 2500 tamen
454 2432 556 2498 fuisse
590 2433 831 2519 iniquissimas,
859 2433 967 2498 immo
988 2432 1088 2499 valde
1111 2434 1325 2520 propinquas
1351 2434 1451 2514 „Com-

302 2547 496 2612 munismo''
521 2545 640 2633 (quem
663 2547 799 2634 vocant)
821 2546 1044 2612 manifestum
1068 2552 1128 2612 est.
1152 2546 1179 2630 ⁴)

338 2709 355 2772 1)
388 2711 443 2758 Non
469 2711 512 2758 hoc
538 2710 597 2769 dico,
614 2726 692 2759 rerum
710 2709 871 2758 condicionem
889 2714 968 2758 nostra
984 2712 1058 2758 aetate
1074 2725 1124 2757 esse
1140 2709 1225 2758 lectam
1243 2709 1369 2759 laetiorem.
1387 2709 1451 2757 Huius

301 2792 388 2842 saeculi
413 2795 535 2858 ingenium
561 2810 632 2858 supra
648 2799 708 2859 (pag.
728 2794 774 2842 109
793 2793 848 2842 coll.
865 2809 917 2858 pag.
937 2794 960 2853 1)
977 2792 1116 2842 adumbrare
1133 2798 1230 2841 conatus
1249 2809 1310 2843 sum.
1329 2796 1360 2842 At
1376 2792 1450 2842 malum

301 2876 677 2941 aliamspecicminduit.

335 2959 353 3020 ²]
388 2977 440 3024 pag.
463 2961 508 3008 121
528 2977 582 3009 cum
599 2961 652 3009 adn.
671 2961 694 3008 2.

335 3042 354 3102 ³)
389 3043 438 3091 Cic.
456 3043 491 3091 De
509 3045 555 3092 Off.
574 3043 594 3102 1,
611 3045 652 3103 42,
670 3043 726 3092 151.

334 3126 354 3188 ⁴)
388 3127 423 3174 De
431 3127 474 3175 hac
484 3143 567 3176 earum
574 3127 721 3191 rogationum
730 3130 812 3176 natura
821 3127 850 3175 ol.
861 3143 920 3191 pagg
939 3127 995 3183 121,
1006 3127 1054 3175 124
1064 3142 1118 3174 eum
1130 3127 1184 3176 adn.
1195 3129 1217 3186 5,
1228 3127 1276 3178 127
1287 3143 1341 3176 cum
1350 3127 1399 3176 ndu.
1408 3125 1426 3182 l,
1434 3125 1452 3170 4.
