3122 5130
628 667 669 730 47

86 879 88 883 v
113 847 142 911 d.
176 847 350 912 Anconae
370 847 487 928 ollitas,
517 867 584 933 qua
603 845 674 909 iam
697 843 739 908 ab
764 843 846 909 alias
869 865 987 908 causas
1011 842 1156 927 exiguus
1178 865 1241 908 nu·

72 982 181 1026 meras
215 981 345 1041 soram,
382 961 441 1046 qui
478 980 601 1044 agrum
624 958 817 1022 immunem
846 955 1062 1043 liberamque
1084 955 1236 1038 arabant,

71 1074 175 1158 magis
198 1075 377 1162 magisque
401 1073 630 1140 minuebatur.
655 1069 733 1135 Non
757 1071 859 1135 modo
871 1091 952 1135 curn
964 1069 1109 1136 servitiis
1122 1070 1159 1134 in
1171 1070 1240 1135 fru-

72 1193 181 1252 mento
205 1187 335 1252 arando
358 1187 519 1253 dimicare
533 1184 669 1251 difficile
682 1189 762 1264 erat,
782 1183 804 1268 ¹)
816 1205 939 1250 verum
950 1205 994 1248 ex
1006 1205 1122 1249 recens
1133 1184 1239 1269 partis

72 1299 252 1384 provinciis
276 1299 398 1380 Sicilia,
412 1300 578 1380 Sardinia,
592 1299 760 1382 Aegypta,
773 1302 868 1362 tanta
880 1297 932 1361 vis
942 1297 1107 1362 frumenti
1119 1293 1239 1363 subve-

73 1413 221 1494 bebatur,
247 1419 287 1479 ut
310 1435 392 1478 mox
414 1413 512 1500 parvi
535 1433 574 1478 ac
598 1432 705 1498 paene
729 1409 857 1475 nullius
873 1410 973 1496 pretii
985 1416 1079 1476 esset.
1125 1411 1239 1476 Immo

74 1532 203 1591 tantum
226 1526 345 1592 aberat
368 1533 406 1592 ut
430 1527 489 1612 qui
502 1524 761 1611 rempublicam
777 1523 941 1608 regebant
953 1522 1135 1610 prudentia
1148 1524 1239 1588 acati

76 1645 186 1720 essent,
225 1647 267 1704 ut
301 1640 445 1724 ignavae
481 1638 695 1704 multitudini
729 1637 974 1722 morigerantes
1012 1636 1167 1702 consulto
1206 1643 1239 1701 et

77 1753 211 1836 cogitate
236 1752 389 1840 pretium
403 1752 783 1818 frumentiminuerent.
809 1749 835 1836 ²)
858 1750 1077 1829 anfaotum
1090 1749 1238 1815 estutin

77 1865 221 1950 ipsorum
255 1864 480 1952 locupletium
508 1865 699 1930 latifundiis
722 1865 935 1930 frumentum
956 1863 1091 1929 cederet
1114 1863 1238 1948 agresti

78 1999 111 2042 ac
133 1979 302 2045 villaticae
327 1979 546 2065 pastionibus
571 1977 597 2065 3)
621 1977 727 2057 oletis
752 1978 870 2058 vineis,
896 1976 990 2042 silvis
1010 1983 1083 2042 tam
1102 1977 1239 2042 caeduis

78 2112 173 2176 qaam
195 2093 340 2178 pascuis
365 2092 558 2178 lapicidinis
582 2112 728 2178 quoque,
754 2090 950 2156 fornacibus
974 2089 1135 2171 calcariis,
1153 2089 1240 2175 figli-

78 2204 131 2284 nis,
153 2205 346 2271 histonibus
367 2212 400 2270 et
424 2226 511 2291 qaae
535 2211 614 2269 sunt
637 2205 770 2288 generis
794 2204 957 2269 eiusdem.
988 2203 1014 2290 ⁴)

117 2341 138 2382 e.
182 2319 346 2384 Intmeaso
372 2311 524 2404 pecuniae
543 2318 700 2404 cupiditas
714 2319 962 2404 faeneratorum,
988 2317 1048 2402 qui
1072 2338 1140 2383 non
1165 2338 1240 2383 raro

80 2449 188 2497 usuras
223 2455 268 2498 ex
290 2431 432 2496 libidine
456 2430 709 2496 constituebant
732 2431 965 2517 pecuniasque
990 2429 1110 2496 acerbe
1128 2431 1242 2515 exige-

81 2541 154 2608 bant
176 2567 195 2610 a
218 2546 351 2611 miseris
375 2544 594 2610 debitoribus,

120 2657 165 2722 De
187 2658 315 2724 crebris
338 2658 471 2743 legibus
496 2657 620 2744 quibus
644 2658 792 2726 Romani
816 2657 954 2722 illorum
978 2657 1110 2723 astutiis
1126 2679 1240 2723 occur-

81 2789 144 2834 rere
177 2771 400 2852 conabantur,
439 2773 477 2835 in
515 2771 619 2836 altero
654 2770 741 2837 libro
765 2793 875 2856 agam.
923 2772 969 2836 At
992 2771 1058 2865 viri
1081 2770 1239 2838 civilibus

82 2882 198 2962 artibus
221 2891 432 2971 praestantes
455 2907 632 2950 servorum
656 2906 792 2971 quoquc
813 2902 939 2969 magno
963 2885 1174 2958 incremento
1194 2885 1237 2949 ob

81 3043 140 3102 οὔτε
168 3047 360 3126 χειροτέχνην
390 3045 456 3120 βίον
477 3045 583 3126 ἐ’χειν,”
605 3053 651 3116 [De
668 3054 711 3102 hoa
729 3054 780 3101 loco
798 3059 877 3102 lamen
896 3070 966 3118 supra
984 3071 1035 3118 pag.
1047 3053 1097 3116 32]
1108 3053 1160 3102 aiv.
1170 3052 1239 3101 XXII

82 3138 115 3196 25,
132 3141 167 3200 18,
185 3144 231 3191 19:
262 3144 314 3208 „lss
332 3143 455 3192 Terentius
472 3143 553 3204 Varro)
571 3142 622 3191 loco
648 3160 694 3192 aon
713 3143 800 3192 humili
818 3144 895 3192 solam
913 3123 1039 3192 sedetiam
1057 3140 1150 3190 sordido
1166 3145 1238 3190 ortus.

80 3225 158 3283 latrem
174 3223 267 3274 lanium
284 3226 357 3273 fuisse
372 3227 456 3284 serant,
474 3226 553 3289 ipsam
570 3225 702 3274 institorem
727 3227 818 3284 mercia,
842 3212 939 3292 liliaque
963 3226 1008 3275 hoo
1025 3226 1075 3290 Ipso
1092 3225 1117 3272 iu
1135 3225 1239 3283 servilia,

82 3303 123 3351 eius
139 3307 191 3355 artis
209 3308 342 3356 ministerira
360 3308 453 3356 asum.'’
472 3307 554 3356 Plures
572 3308 634 3356 locos
653 3309 705 3356 vide
723 3307 785 3372 apud
805 3309 879 3372 Marq.
898 3308 1008 3357 Priaatl.¹
1027 3324 1078 3372 pag.
1097 3307 1153 3355 401.

111 3386 125 3444 ¹]
149 3389 183 3437 Cf.
209 3407 269 3454 qaae
298 3391 394 3439 Plinius
419 3394 500 3439 narrat
524 3390 552 3439 de
569 3391 639 3440 'Pario
657 3392 756 3455 quodam
777 3393 838 3440 llafo
856 3393 894 3452 (N.
913 3393 945 3440 H.
964 3391 1052 3448 XVIII,
1070 3390 1093 3447 6,
1113 3390 1168 3451 att:
1193 3392 1236 3455 „L

82 3467 155 3518 Tarius
182 3474 259 3521 Italus
285 3474 366 3522 infima
391 3473 506 3522 nataliam
532 3474 669 3522 humililate
694 3474 843 3522 consulatum
870 3474 971 3523 milliari
998 3473 1115 3524 industria
1132 3474 1239 3534 meritas,

81 3553 180 3616 antiquae
204 3554 263 3618 alias
281 3556 443 3620 parsimoniae,
462 3557 555 3605 circiter
572 3556 668 3604 miliens
686 3557 734 3604 IIS.
755 3557 897 3606 liberalitate
914 3557 963 3605 divi
986 3557 1085 3620 Augusti
1103 3559 1239 3620 congestum

82 3648 146 3698 usqae
168 3639 197 3686 ad
222 3639 410 3688 detractationem
437 3639 531 3686 heredIs
555 3639 660 3687 exhausit
677 3655 743 3702 agros
762 3639 787 3686 in
806 3639 892 3686 Piceno
910 3640 1034 3688 coemendo
1052 3639 1195 3702 colendoque
1212 3638 1238 3685 in

82 3714 194 3775 glorIarn.’'

110 3798 127 3858 ²)
150 3802 184 3850 Cf.
203 3805 273 3868 Voigt
290 3804 316 3851 in
334 3804 377 3852 Iw.
395 3820 417 3850 v.
436 3803 492 3851 M.'s
510 3803 604 3852 Handb.
622 3805 663 3861 lv,
682 3803 716 3861 2²,
735 3821 785 3868 pag.
805 3805 868 3861 362;
887 3805 964 3868 Marq.
983 3802 1095 3852 Prinatl.²
1111 3819 1162 3866 pag.
1173 3803 1237 3859 398,

80 3878 127 3929 stt.
143 3883 179 3932 11²
195 3901 245 3950 pag.
264 3887 310 3934 112
328 3903 389 3950 seqq.

107 3963 124 4023 ³)
150 3967 219 4016 Varro
237 3971 265 4018 R.
285 3971 314 4017 R.
331 3969 364 4026 II,
382 3969 454 4033 praes.
473 3972 503 4015 4:
524 3969 622 4034 „Itaque
640 3971 666 4018 ia
684 3987 730 4034 qua
746 3974 808 4018 terra
825 3969 943 4019 culturam
960 3969 1010 4034 agri
1023 3969 1235 4032 docuerantpaato·

81 4059 111 4092 res
133 4053 263 4114 progeniem
289 4067 363 4108 auam,
390 4051 431 4114 qni
457 4052 614 4101 condiderunt
640 4053 730 4110 arbem,
758 4053 792 4101 ibi
809 4056 890 4100 contra
907 4052 1027 4116 progenies
1044 4067 1126 4100 eorum
1142 4055 1238 4116 propter

79 4129 190 4180 avaritiam
208 4139 288 4182 contra
309 4132 371 4196 leges
388 4149 414 4180 ex
432 4132 549 4196 segetibus
567 4135 624 4183 fecit
648 4139 721 4198 prata,
740 4136 874 4198 ignorantes
891 4151 938 4184 non
957 4135 1019 4183 idem
1035 4150 1084 4183 ease
1100 4134 1150 4198 agri
1173 4133 1241 4184 cultu

80 4222 122 4258 ran
138 4217 159 4260 et
174 4215 327 4277 pastionem.'¹

107 4292 124 4351 4)
147 4295 181 4344 cf.
206 4298 286 4364 vagt-
300 4298 317 4346 r.
335 4298 351 4347 1.
373 4276 429 4362 pag.
456 4297 505 4346 aaa
530 4315 601 4364 seqq,
628 4304 651 4349 a
669 4301 747 4365 aaa.
766 4295 879 4350 ravair
895 4315 946 4362 pag.
967 4299 1024 4358 400,
1040 4303 1064 4348 a
1081 4300 1115 4348 ra
1132 4299 1237 4351 reuirat

82 4369 144 4424 locas.
160 4379 218 4428 Vide
233 4382 304 4430 etiarn
322 4381 434 4429 Momms.
453 4381 481 4429 R.
500 4381 528 4428 G.
546 4381 570 4429 ΙΒ
589 4398 641 4445 pag.
659 4381 714 4430 842.
