3122 5130
647 620 689 686 65

64 799 107 864 ad
143 821 255 886 quem
290 819 346 864 eos
380 798 499 884 delego
535 799 594 886 qui
629 798 693 864 hac
730 799 770 864 de
806 821 840 865 re
877 799 976 886 plura
1011 801 1094 868 seire
1125 799 1242 869 velint.

103 913 183 976 Iam
219 911 360 977 Catonis
383 910 522 976 maioris
549 910 762 997 temporibus
791 911 1047 979 habitationum
1069 915 1242 981 mercedes

63 1047 211 1110 magnae
250 1032 357 1106 erant,
393 1031 432 1089 ut
455 1031 597 1110 apparet
616 1046 659 1090 ex
682 1025 723 1089 iis
753 1046 840 1111 quae
864 1026 1034 1093 Diodorus
1056 1035 1173 1093 narrat
1200 1028 1241 1094 de
1314 1081 1317 1088 ,

62 1139 263 1204 Ptolemaeo
299 1138 458 1223 quodam,
485 1137 635 1224 Aegypti
659 1159 738 1222 rege
763 1159 783 1202 a
812 1139 913 1204 fratre
943 1161 960 1204 e
984 1161 1090 1224 regno
1114 1141 1240 1208 eieoto:

64 1251 276 1328 ηπεπυσμένος
297 1251 329 1310 δε
348 1248 429 1312 κατὰ
448 1249 503 1314 τόν
523 1253 641 1324 πορείαν
662 1245 697 1308 τό
709 1251 875 1327 κατάλυμα
886 1249 922 1310 τό
934 1257 987 1310 τοῦ
1004 1253 1176 1329 Δημητρίου
1190 1259 1243 1313 τοῦ

63 1357 258 1435 τοπογράφου
279 1351 352 1428 πρός
372 1361 477 1413 τοῦτον
498 1355 631 1430 ζητήσας
651 1354 799 1417 κατέλυσε
820 1355 1141 1435 πεφιλοξενημένονυπ
1153 1356 1242 1417 αὑτοῦ

62 1462 221 1530 πλεονάκις
246 1457 276 1520 ἓν
304 1481 341 1546 τη
359 1457 439 1520 κατὰ
457 1458 511 1524 τὴν
529 1458 751 1538 Ἀλεξάνδρειαν
772 1456 929 1539 ἐπιδημίᾳ·
954 1458 1063 1538 ᾤκειδὲ
1085 1459 1241 1542 ἐνυπερῴῳ

64 1566 156 1642 στένῳ
177 1564 229 1627 καί
240 1567 397 1634 παντελῶς
408 1561 519 1622 εὐτελεῖ
527 1561 573 1623 διὰ
584 1560 619 1621 τό
631 1563 766 1640 μέγεθος
776 1572 835 1623 τῶν
846 1561 923 1652 έντῇ
938 1563 1039 1650 Ῥώμῃ
1052 1569 1201 1642 μισθῶν.”
1215 1568 1239 1645 1)

66 1669 336 1757 Aliquantulum
369 1670 406 1733 in
440 1669 541 1756 eulpa
574 1677 646 1735 erat
680 1671 823 1735 avaritia
857 1691 975 1735 eorum
1009 1672 1068 1758 qui
1102 1673 1239 1739 nullum

65 1806 173 1868 genus
213 1790 376 1871 quaestus
405 1783 625 1868 inexpertum
648 1782 880 1869 relinquentes
904 1783 991 1850 lueri
1014 1807 1116 1852 eausa
1139 1788 1239 1854 aedes

66 1903 272 1969 coemerent.
298 1897 345 1963 Ut
363 1896 567 1961 Plutarchus
589 1903 705 1961 narrat
722 1895 762 1961 de
781 1897 918 1963 Crasso:
950 1897 1050 1973 ιΠρὸς
1071 1896 1103 1959 δὲ
1125 1901 1239 1971 τούτοις

66 2010 132 2083 όρῶν
155 2008 215 2079 τὰς
239 2018 394 2084 συγγενεῖς
415 2009 463 2071 καὶ
483 2007 629 2077 συνοίκους
650 2016 704 2077 τῆς
728 2007 845 2084 Ῥώμης
865 2018 957 2085 κῆρας
975 2008 1171 2086 ἐμπρησμοὺς
1191 2011 1241 2075 καί

65 2115 227 2190 συνιζήσεις
247 2112 294 2173 διὰ
314 2111 482 2188 βάροςκαί
502 2117 624 2181 πλῆθος
645 2113 902 2189 οἰκοδομημάτων,
926 2111 1036 2176 ἐωνεῖτο
1057 2115 1176 2184 δούλους
1188 2115 1239 2192 ἁρ-

65 2218 243 2296 χιτέκτονας
264 2218 312 2279 καὶ
331 2215 507 2293 οἰκοδόμους.
551 2207 615 2276 Εἶτ’
638 2214 716 2296 ’έχων
737 2218 858 2287 τούτους
880 2215 952 2292 ὑπὲρ
973 2223 1183 2289 πεντακοσίους
1194 2219 1238 2280 όν-

67 2343 119 2390 τας
146 2319 314 2402 ἐξηγόραζε
334 2320 374 2380 τὰ
393 2321 531 2396 καιόμενα
553 2320 601 2382 καί
621 2328 792 2396 γειτνιῶντα
813 2331 874 2390 τοῖς
895 2323 1055 2399 καιομένοις
1076 2323 1123 2383 διὰ
1145 2323 1239 2404 φόβον

67 2427 111 2486 καί
128 2425 307 2497 ἀδηλότητα
328 2432 387 2483 τῶν
407 2425 562 2484 δεσποτῶν
581 2424 635 2484 ἀπ’
657 2423 760 2499 όλίγης
780 2433 870 2501 τιμῆς
891 2427 1078 2501 προϊεμένων,
1093 2427 1171 2487 ὥστε
1182 2437 1237 2498 τῆς

70 2528 184 2606 Ῥῶμης
217 2525 254 2589 τό
284 2534 428 2589 πλεῖστον
458 2529 546 2606 μέρος
575 2529 624 2589 ὑπ’
657 2527 736 2606 αὐτῷ
757 2529 909 2598 γένεσθαι.
952 2532 1118 2600 Τοσουτους
1137 2529 1170 2592 δὲ
1190 2553 1238 2595 κε-

66 2635 211 2709 κτημένος
240 2637 382 2714 τεχνίτας
403 2631 482 2693 οὐδὲν
508 2631 697 2710 ᾠκοδόμησεν
725 2630 813 2702 αὐτός
834 2630 850 2702 ί)
871 2633 926 2700 τὴν
947 2635 1018 2694 ἰδίαν
1040 2638 1141 2710 οἰκίαν,
1165 2636 1236 2698 ἁλλ’

67 2736 150 2813 ἔλεγε
184 2736 255 2808 τοὺς
290 2738 507 2818 φιλοικοδόμους
542 2735 648 2806 αότοός
679 2738 723 2815 ὑφ’
758 2737 866 2798 ἑαυτῶν
901 2739 1112 2800 καταλύεσθαι
1147 2742 1236 2822 χωρίς

67 2841 304 2918 ἀνταγωνιστῶν.
328 2841 354 2929 9)
377 2843 428 2908 De
452 2865 513 2908 suo
536 2850 687 2929 tempore
712 2843 900 2908 Iuvenalis:
920 2845 1236 2932 „(Romae)maguo

69 2955 256 3043 hospitium
279 2955 503 3022 miserabile'’.
517 2955 543 3043 3)
567 2995 611 3004 -
625 2962 668 3021 'et
681 2955 778 3022 alibi:
796 2957 850 3036 „si
863 2963 957 3043 potes
970 2959 1072 3024 avelli
1084 2959 1238 3025 circensi·
1318 2939 1320 2945 ¹

69 3067 137 3152 bus,
173 3070 307 3157 optima
340 3069 442 3135 Sorae
477 3068 548 3133 Aut
576 3068 791 3134 Fabrateriae
816 3069 937 3135 domus
961 3078 1021 3136 aut
1044 3072 1234 3139 Frusinone

69 3189 216 3266 paratur,
244 3183 373 3260 Quanti
396 3204 488 3247 nune
511 3182 667 3247 tenebras
685 3204 794 3247 unum
807 3183 969 3249 oonduois
981 3185 1018 3249 in
1031 3188 1193 3252 annum.''
1209 3187 1238 3274 ⁴)

69 3295 199 3373 Quibus
219 3296 323 3360 addas
348 3295 439 3382 quod
461 3295 602 3380 legitur'
618 3296 711 3381 apud
725 3296 898 3363 Gellium:
926 3297 1064 3382 „Magni
1082 3350 1088 3363 .
1108 3300 1236 3366 reditus

70 3408 280 3474 urbanorum
307 3408 555 3495 praediorum.''
581 3409 607 3495 5)
642 3410 686 3473 Et
720 3410 757 3473 in
780 3410 947 3495 Digestis:
977 3412 1064 3490 „Qui
1083 3413 1236 3478 insulam

69 3522 207 3606 triginta
241 3519 461 3603 conduxerat,
493 3522 628 3606 singula
651 3523 835 3588 coenacula
857 3524 905 3588 ita
929 3524 1065 3606 locavit,
1092 3533 1130 3590 ut
1154 3548 1236 3613 qua·

102 3687 117 3748 ¹)
133 3689 204 3738 Diod.
222 3687 294 3737 Sioul.
313 3687 422 3752 llxoerpt.
441 3688 515 3737 Vatia.
534 3689 585 3736 Lib.
604 3690 689 3746 XXXI,
709 3691 723 3737 8
741 3690 869 3751 (Dindors).
888 3691 1010 3738 Postrema
1028 3690 1099 3739 verba
1115 3655 1181 3761 ᾤκει
1202 3684 1235 3747 δὲ

69 3790 86 3822 e.
103 3792 124 3837 q.
142 3793 160 3824 s.
179 3775 314 3825 Piihlmann
331 3779 392 3839 (pag.
411 3776 451 3837 74)
469 3777 498 3824 ad
515 3776 676 3825 Ptolemaeum
698 3778 784 3835 relert5
802 3778 822 3825 ei
842 3794 923 3826 verum
941 3794 1046 3841 quaeras,
1064 3780 1093 3826 de
1112 3782 1233 3831 Demetrio

70 3857 127 3906 litu
143 3861 206 3916 aunt,
224 3858 254 3906 ad
271 3874 341 3922 quem
358 3859 399 3907 ille
416 3861 526 3908 deversus
544 3863 601 3908 erat.

100 3941 118 4001 ²)
136 3941 201 3991 Plut.
219 3942 295 3990 Crass.
313 3942 346 3999 ll,
366 3943 388 3998 5,
407 3943 421 3990 6
440 3944 492 4004 (ud.
510 3943 600 4004 Didot).
634 3944 670 3992 De
687 3944 755 3991 modo
773 3960 819 4008 quo
837 3947 953 4007 postrema
970 3944 1040 3992 verba
1058 3944 1234 4010 interpretanda

70 4022 114 4071 aiut
130 4025 160 4073 of.
178 4023 313 4072 Pohlmann
332 4023 367 4073 l.l.
385 4041 436 4088 pag.
455 4025 494 4072 89.

99 4105 117 4166 ³)
134 4107 188 4155 Iuv.
206 4107 253 4163 III,
274 4107 330 4155 loe.

99 4189 247 4248 ⁴)11›i‹1.vs.
266 4189 314 4237 223
332 4205 394 4253 seqq.
421 4191 451 4238 ln
467 4190 554 4239 talibus
571 4190 630 4240 loeis
647 4195 725 4240 tamen
743 4192 871 4239 tenendum
892 4217 923 4228 -
940 4191 1003 4254 quod
1017 4195 1040 4240 et
1057 4193 1231 4256 ipseselnelat·

71 4285 112 4331 que
127 4271 214 4320 iterum
231 4272 314 4320 monui
332 4275 355 4320 et
373 4273 506 4322 Pthlmann
524 4277 603 4322 monet
621 4301 652 4310 -
671 4273 807 4322 Iuvenalem
825 4290 861 4322 res
881 4289 1014 4336 exasperare
1032 4274 1113 4325 solere.

104 4352 121 4414 η
139 4354 199 4407 εει
219 4355 271 4416 xv,
288 4354 309 4414 1,
327 4355 350 4404 a.

1125 4442 1147 4508 5
