3040 5134
852 582 916 648 126

295 759 372 826 Hoc
393 766 427 826 et
448 759 493 826 ad
514 759 674 827 timorem
696 782 867 827 novarum
890 759 1087 830 tabularum
1106 757 1298 826 tollendum
1309 759 1454 824 minuen-

295 872 458 960 dumque,
484 871 509 961 1)
534 873 593 961 qui
616 875 685 940 fere
710 873 800 940 bella
822 881 857 940 et
880 875 998 941 civiles
1022 873 1247 940 dissensiones
1272 873 1369 960 sequi
1386 893 1454 938 con·

295 987 416 1068 suevit,
462 993 496 1052 et
539 987 584 1052 ed
628 987 821 1053 debitorum
867 988 1034 1055 tuendam
1069 987 1359 1054 existimationem
1392 1006 1452 1051 esse

295 1101 512 1187 aptissimum
541 1100 783 1168 existimavit'’.
807 1099 833 1188 ς)
879 1101 1057 1168 Debitores
1080 1120 1151 1166 non
1174 1098 1270 1166 omni
1295 1119 1452 1165 saneaerc

296 1213 407 1280 alieno
440 1213 609 1282 liberavit.
656 1213 703 1279 At
736 1235 817 1281 vero
849 1216 990 1282 anovis
1015 1214 1141 1281 tabulis
1163 1235 1233 1280 non
1258 1213 1375 1301 procul
1398 1212 1452 1278 dis·

295 1328 453 1394 iunctum
498 1335 556 1409 est,
600 1327 692 1415 quod
730 1327 878 1413 legimus
919 1328 1012 1416 apud
1047 1328 1261 1409 Suetonium,
1299 1327 1359 1414 qui
1391 1324 1452 1391 istis

296 1441 457 1508 omnibus
478 1441 623 1507 narretis
644 1441 693 1507 ite
715 1442 848 1528 pergit:
875 1442 1040 1522 „deducto
1064 1463 1219 1508 summae
1243 1441 1332 1506 aeris
1351 1438 1450 1518 alieni,

296 1555 325 1621 si
347 1555 431 1642 quid
453 1576 576 1621 usurae
599 1555 739 1620 nomine
762 1562 984 1621 numeratum
1007 1562 1067 1621 aut
1082 1555 1311 1642 perscriptum
1326 1554 1449 1631 fuisset;

298 1690 366 1755 qua
391 1668 589 1734 condicione
615 1675 736 1755 querte
759 1691 837 1756 pers
858 1670 927 1735 fere
951 1669 1071 1736 crediti
1093 1668 1302 1755 deperibet’'.
1327 1666 1353 1755 8)
1386 1667 1450 1732 Hoo
1509 1689 1510 1768 ξ

295 1782 425 1847 fectum
460 1783 643 1869 respiciens
676 1783 793 1849 Cicero
828 1783 909 1848 satis
932 1782 1071 1849 acerbe:
1100 1782 1394 1864 „Quamobrem
1413 1800 1449 1844 ne

296 1895 339 1961 sit
372 1917 428 1961 aes
462 1895 625 1978 alienum,
662 1897 754 1985 quod
789 1896 838 1962 rei
874 1895 1030 1983 publicae
1055 1902 1185 1978 noceat,
1210 1894 1450 1983 providendum

295 2013 355 2091 est,
380 2009 473 2096 quod
494 2009 612 2075 multis
635 2009 826 2076 rationibus
848 2010 961 2077 caveri
984 2016 1103 2097 potest,
1129 2031 1209 2091 non,
1238 2009 1266 2074 si
1290 2008 1397 2089 fuerit,
1418 2011 1450 2069 ut

294 2122 481 2209 locupletes
503 2145 605 2188 suum
627 2123 783 2209 perdant,
808 2122 977 2189 debitores
999 2122 1175 2189 lucrentur
1198 2121 1369 2203 alienum;
1396 2139 1448 2184 neo

295 2236 389 2303 enim
423 2235 495 2302 nlla
529 2258 582 2302 res
615 2235 855 2303 vehementius
889 2236 1159 2323 rempublicam
1182 2236 1336 2303 continet
1358 2253 1449 2321 quam
1510 2246 1511 2332 )

294 2350 379 2417 fides
403 2372 490 2437 quae
514 2371 584 2416 esse
608 2349 705 2415 nulla
727 2356 846 2438 potest,
858 2351 925 2417 nisi
937 2351 1001 2417 erit
1013 2350 1201 2417 necessaria
1213 2349 1336 2416 solutio
1348 2367 1449 2414 rerum
1510 2369 1511 2374 ¹

294 2463 502 2531 creditarum
526 2514 766 2531 ........
791 2464 838 2531 At
872 2486 953 2532 vero
985 2464 1042 2530 hio
1076 2486 1169 2530 nunc
1204 2463 1323 2546 victor,
1339 2462 1365 2549 ⁴)
1386 2467 1447 2526 tum

296 2577 437 2665 quidem
478 2577 589 2644 victus
622 2576 647 2664 6)
682 2600 770 2666 quae
806 2579 980 2664 cogitarat,
1016 2601 1056 2645 ea
1090 2578 1241 2666 perfecit,
1276 2599 1356 2645 cum
1388 2574 1449 2640 eius

293 2691 364 2757 iam
387 2690 476 2756 nihil
498 2691 706 2758 interesset.'’
731 2690 758 2779 6)

338 2804 581 2890 Augustusne
604 2805 844 2872 incendiorum
869 2806 1009 2893 quidem
1032 2805 1165 2872 insidiis
1188 2805 1320 2872 moveri
1332 2805 1449 2892 poteret

294 2925 334 2985 ut
356 2917 471 2985 debite
494 2920 691 2986 remitteret.
715 2917 743 3006 ⁷)
769 2994 773 3004 1

294 3066 385 3130 digung
408 3065 545 3114 auersiehen
570 3066 626 3114 oder
649 3065 723 3124 nieht,
749 3065 845 3114 allemal
870 3066 934 3115 seine
961 3067 1109 3132 persdnliehe
1126 3065 1237 3125 Freiheit,
1256 3082 1324 3115 wenn
1342 3064 1397 3114 auch
1412 3061 1449 3110 nit

293 3148 476 3212 geselrmdlerten
504 3149 584 3197 lllrren
609 3149 658 3197 und
685 3148 825 3214 politisehen
854 3150 964 3207 Rechten,
990 3166 1019 3198 zu
1044 3154 1145 3200 erretten
1171 3150 1221 3199 und
1246 3150 1299 3198 eine
1324 3166 1380 3198 neue
1402 3147 1448 3193 ver-

293 3232 493 3296 mdgensexistenz
509 3249 539 3280 su
555 3232 681 3296 beginnen,
698 3233 723 3280 in
742 3233 782 3282 der
798 3250 824 3281 er
840 3249 919 3297 wegen
937 3235 977 3282 der
994 3251 1036 3282 aus
1055 3235 1096 3282 der
1112 3234 1201 3282 tlteren
1219 3234 1270 3283 Zeit
1287 3230 1448 3282 herriihrcnden

294 3316 343 3363 und
369 3316 403 3364 im
429 3315 533 3364 Conenrs
559 3315 626 3363 nicht
649 3315 775 3379 gedeclrten
792 3317 957 3380 Forderungen
975 3333 1021 3365 nur
1038 3318 1101 3365 donn
1119 3316 1251 3381 eingsklsgt
1267 3318 1359 3366 werden
1375 3313 1449 3368 dume,

293 3415 362 3449 wenn
379 3415 403 3447 er
420 3399 454 3448 sie
470 3399 581 3448 bezahlen
598 3399 693 3459 konnte,
711 3400 772 3449 ohne
789 3400 915 3449 wiederum
934 3400 984 3449 sich
1001 3401 1156 3449 dlronomisch
1172 3418 1202 3449 zu
1219 3400 1352 3450 ruiniren.''

331 3484 348 3544 ¹)
381 3482 418 3531 Ita
433 3483 504 3531 etiam
521 3483 584 3531 Suet.
602 3482 648 3532 lul.
666 3484 714 3532 42:
735 3484 853 3548 „Disiecta
869 3500 984 3533 novarum
1001 3485 1135 3533 tabularum
1153 3484 1346 3549 exspectatione.'’

327 3565 347 3625 ²)
382 3566 447 3614 (laos.
470 3566 498 3614 B.
516 3566 542 3614 O.
561 3566 607 3624 ΙΙΙ,
626 3565 649 3624 l,
666 3567 690 3624 2,
709 3567 731 3615 3.
766 3566 888 3631 Quantum
906 3585 979 3616 novae
988 3567 1080 3616 tabulae
1088 3568 1229 3617 timerentur
1238 3569 1353 3633 significet
1362 3566 1407 3614 Cic.
1418 3560 1449 3609 ld

293 3651 342 3700 Ate.
360 3649 414 3708 VII,
433 3649 472 3708 ll,
491 3648 523 3708 1;
540 3649 569 3708 X,
588 3649 611 3707 8,
630 3649 653 3698 2.

326 3731 347 3793 l)
381 3733 444 3782 Suet.
462 3732 478 3780 l.
497 3732 514 3782 l.
535 3732 573 3782 cf.
591 3731 655 3782 Plut.
674 3733 739 3782 Caes.
758 3733 797 3786 37.

326 3816 345 3876 4)
380 3815 502 3864 Caesarem
520 3816 585 3865 dicit.

328 3898 346 3959 Ι)
380 3898 521 3948 Cutilinsria
538 3899 698 3948 coniuratione
714 3900 809 3948 detecta.

326 3981 346 4042 Ι)
380 3981 430 4030 Cio.
447 3983 482 4030 De
500 3982 547 4030 off.
564 3981 598 4041 ΙΙ,
616 3981 656 4041 24,
675 3982 714 4030 84.
749 3982 827 4045 Lange
846 3985 876 4043 (o,
894 3982 912 4031 l.
930 3983 979 4031 ΙΙΙΞ
997 4000 1048 4047 pag.
1067 3983 1114 4032 421
1134 3966 1191 4048 seqss)
1209 3984 1329 4032 Caesarem
1342 3975 1448 4030 Ciceronis

293 4063 488 4129 vituperationem
506 4080 554 4113 non
570 4081 658 4114 merere
675 4065 769 4123 iudicet,
787 4066 875 4130 quippe
892 4082 961 4130 quem
980 4071 1071 4130 urgeret
1086 4067 1220 4115 necessitas.
1242 4067 1370 4115 Mommsen
1380 4065 1448 4110 contra

293 4147 320 4210 (l.
338 4146 355 4195 l.
373 4163 425 4212 pag.
445 4147 502 4209 535)
520 4164 570 4197 rem
588 4149 704 4213 improbat
721 4149 889 4213 Caesaremque
906 4155 933 4197 ut
950 4150 1000 4214 ipse
1016 4166 1067 4197 eam
1082 4150 1187 4198 reticeret
1196 4150 1284 4214 pudore
1292 4152 1378 4198 motum
1386 4143 1448 4194 luisse

293 4230 431 4296 suspicetur.
968 4267 969 4272 ,

326 4312 347 4376 7)
381 4314 418 4364 Cf.
436 4315 600 4365 Gardthausen
617 4314 635 4364 l.
653 4315 670 4366 l.
689 4332 740 4380 pag.
760 4316 808 4365 624
818 4335 825 4374 ;
842 4315 889 4364 Dio
906 4315 971 4365 Cass.
989 4315 1037 4373 LV,
1055 4317 1078 4374 8,
1096 4315 1119 4365 6.
