<?xml version="1.0" encoding="UTF-8"?>
<!DOCTYPE html PUBLIC "-//W3C//DTD XHTML 1.0 Transitional//EN"
    "http://www.w3.org/TR/xhtml1/DTD/xhtml1-transitional.dtd">
<html xmlns="http://www.w3.org/1999/xhtml" xml:lang="en" lang="en">
 <head>
  <title>
</title>
<meta http-equiv="Content-Type" content="text/html;charset=utf-8" />
  <meta name='ocr-system' content='tesseract 3.04.00' />
  <meta name='ocr-capabilities' content='ocr_page ocr_carea ocr_par ocr_line ocrx_word'/>
</head>
<body>
  <div class='ocr_page' id='page_1' title='image "./depauperumcuraa01essegoog_0062.png"; bbox 0 0 3122 5130; ppageno 0'>
   <div class='ocr_carea' id='block_1_1' title="bbox 434 1672 949 1986">
    <p class='ocr_par' dir='ltr' id='par_1_1' title="bbox 434 1672 949 1986">
     <span class='ocr_line' id='line_1_1' title="bbox 596 1672 850 1756; baseline -0.012 -15"><span class='ocrx_word' id='word_1_1' title='bbox 596 1675 714 1741; x_wconf 75' lang='lat' dir='ltr'>Oaros</span> <span class='ocrx_word' id='word_1_2' title='bbox 741 1672 787 1738; x_wconf 93' lang='lat' dir='ltr'>II.</span> <span class='ocrx_word' id='word_1_3' title='bbox 848 1751 850 1756; x_wconf 21' lang='lat'><strong><em>¹</em></strong></span> 
     </span>
     <span class='ocr_line' id='line_1_2' title="bbox 434 1898 949 1986; baseline -0.002 -20"><span class='ocrx_word' id='word_1_4' title='bbox 434 1901 483 1966; x_wconf 86' lang='lat' dir='ltr'>Dc</span> <span class='ocrx_word' id='word_1_5' title='bbox 505 1901 615 1966; x_wconf 79' lang='lat' dir='ltr'>adulto</span> <span class='ocrx_word' id='word_1_6' title='bbox 636 1901 771 1986; x_wconf 77' lang='lat' dir='ltr'>imperio</span> <span class='ocrx_word' id='word_1_7' title='bbox 793 1898 949 1965; x_wconf 82' lang='lat' dir='ltr'>Romano.</span> 
     </span>
    </p>
   </div>
   <div class='ocr_carea' id='block_1_2' title="bbox 101 2125 1276 3930">
    <p class='ocr_par' dir='ltr' id='par_1_2' title="bbox 101 2125 1276 2780">
     <span class='ocr_line' id='line_1_3' title="bbox 148 2125 1276 2214; baseline 0 -22"><span class='ocrx_word' id='word_1_8' title='bbox 148 2125 358 2212; x_wconf 85' lang='lat' dir='ltr'>Lagentium</span> <span class='ocrx_word' id='word_1_9' title='bbox 380 2126 551 2214; x_wconf 91' lang='lat' dir='ltr'>plerisque</span> <span class='ocrx_word' id='word_1_10' title='bbox 574 2126 669 2192; x_wconf 88' lang='lat' dir='ltr'>haud</span> <span class='ocrx_word' id='word_1_11' title='bbox 692 2125 811 2192; x_wconf 93' lang='lat' dir='ltr'>dubito</span> <span class='ocrx_word' id='word_1_12' title='bbox 835 2125 920 2213; x_wconf 93' lang='lat' dir='ltr'>quin</span> <span class='ocrx_word' id='word_1_13' title='bbox 942 2164 986 2174; x_wconf 96' lang='lat'>-</span> <span class='ocrx_word' id='word_1_14' title='bbox 1009 2125 1276 2194; x_wconf 86' lang='lat' dir='ltr'>utLiviiverbis</span> 
     </span>
     <span class='ocr_line' id='line_1_4' title="bbox 101 2238 1275 2326; baseline 0.001 -22"><span class='ocrx_word' id='word_1_15' title='bbox 101 2245 183 2304; x_wconf 90' lang='lat' dir='ltr'>utar</span> <span class='ocrx_word' id='word_1_16' title='bbox 220 2276 267 2288; x_wconf 89' lang='lat'>-</span> <span class='ocrx_word' id='word_1_17' title='bbox 300 2239 430 2326; x_wconf 84' lang='lat' dir='ltr'>primae</span> <span class='ocrx_word' id='word_1_18' title='bbox 475 2241 623 2324; x_wconf 76' lang='lat' dir='ltr'>origines</span> <span class='ocrx_word' id='word_1_19' title='bbox 667 2240 892 2326; x_wconf 85' lang='lat' dir='ltr'>proximaque</span> <span class='ocrx_word' id='word_1_20' title='bbox 933 2238 1121 2324; x_wconf 85' lang='lat' dir='ltr'>originibus</span> <span class='ocrx_word' id='word_1_21' title='bbox 1159 2239 1275 2306; x_wconf 88' lang='lat' dir='ltr'>minus</span> 
     </span>
     <span class='ocr_line' id='line_1_5' title="bbox 103 2351 1273 2440; baseline 0 -22"><span class='ocrx_word' id='word_1_22' title='bbox 103 2351 306 2440; x_wconf 88' lang='lat' dir='ltr'>praebitura</span> <span class='ocrx_word' id='word_1_23' title='bbox 345 2353 530 2440; x_wconf 81' lang='lat' dir='ltr'>voluptatis</span> <span class='ocrx_word' id='word_1_24' title='bbox 564 2353 633 2419; x_wconf 89' lang='lat' dir='ltr'>sint</span> <span class='ocrx_word' id='word_1_25' title='bbox 667 2353 906 2420; x_wconf 76' lang='lat' dir='ltr'>festinantibus</span> <span class='ocrx_word' id='word_1_26' title='bbox 939 2353 983 2418; x_wconf 92' lang='lat' dir='ltr'>ad</span> <span class='ocrx_word' id='word_1_27' title='bbox 1017 2351 1076 2418; x_wconf 91' lang='lat' dir='ltr'>illa</span> <span class='ocrx_word' id='word_1_28' title='bbox 1110 2358 1273 2440; x_wconf 90' lang='lat' dir='ltr'>tempora,</span> 
     </span>
     <span class='ocr_line' id='line_1_6' title="bbox 103 2465 1274 2554; baseline 0.001 -24"><span class='ocrx_word' id='word_1_29' title='bbox 103 2465 232 2553; x_wconf 89' lang='lat' dir='ltr'>quibus</span> <span class='ocrx_word' id='word_1_30' title='bbox 265 2465 336 2532; x_wconf 92' lang='lat' dir='ltr'>iam</span> <span class='ocrx_word' id='word_1_31' title='bbox 363 2467 497 2553; x_wconf 87' lang='lat' dir='ltr'>pridem</span> <span class='ocrx_word' id='word_1_32' title='bbox 519 2467 746 2554; x_wconf 86' lang='lat' dir='ltr'>praevalentis</span> <span class='ocrx_word' id='word_1_33' title='bbox 769 2466 889 2554; x_wconf 91' lang='lat' dir='ltr'>populi</span> <span class='ocrx_word' id='word_1_34' title='bbox 911 2465 1001 2532; x_wconf 89' lang='lat' dir='ltr'>vires</span> <span class='ocrx_word' id='word_1_35' title='bbox 1023 2487 1057 2532; x_wconf 90' lang='lat' dir='ltr'>se</span> <span class='ocrx_word' id='word_1_36' title='bbox 1081 2466 1173 2554; x_wconf 89' lang='lat' dir='ltr'>ipsae</span> <span class='ocrx_word' id='word_1_37' title='bbox 1197 2487 1274 2533; x_wconf 90' lang='lat' dir='ltr'>con·</span> 
     </span>
     <span class='ocr_line' id='line_1_7' title="bbox 102 2577 1275 2666; baseline 0.003 -23"><span class='ocrx_word' id='word_1_38' title='bbox 102 2578 238 2644; x_wconf 89' lang='lat' dir='ltr'>ficiunt.</span> <span class='ocrx_word' id='word_1_39' title='bbox 264 2577 290 2666; x_wconf 88' lang='lat'>¹)</span> <span class='ocrx_word' id='word_1_40' title='bbox 336 2579 474 2646; x_wconf 92' lang='lat' dir='ltr'>Horum</span> <span class='ocrx_word' id='word_1_41' title='bbox 497 2580 663 2646; x_wconf 90' lang='lat' dir='ltr'>desiderio</span> <span class='ocrx_word' id='word_1_42' title='bbox 685 2580 903 2666; x_wconf 81' lang='lat' dir='ltr'>indulgentes</span> <span class='ocrx_word' id='word_1_43' title='bbox 925 2579 1021 2647; x_wconf 80' lang='lat' dir='ltr'>velut</span> <span class='ocrx_word' id='word_1_44' title='bbox 1043 2579 1275 2646; x_wconf 83' lang='lat' dir='ltr'>transiliamus</span> 
     </span>
     <span class='ocr_line' id='line_1_8' title="bbox 104 2691 1131 2780; baseline 0 -22"><span class='ocrx_word' id='word_1_45' title='bbox 104 2692 152 2758; x_wconf 89' lang='lat' dir='ltr'>ad</span> <span class='ocrx_word' id='word_1_46' title='bbox 175 2692 262 2758; x_wconf 93' lang='lat' dir='ltr'>illud</span> <span class='ocrx_word' id='word_1_47' title='bbox 284 2694 449 2780; x_wconf 90' lang='lat' dir='ltr'>temporis</span> <span class='ocrx_word' id='word_1_48' title='bbox 473 2691 633 2780; x_wconf 85' lang='lat' dir='ltr'>spatium,</span> <span class='ocrx_word' id='word_1_49' title='bbox 658 2695 750 2780; x_wconf 92' lang='lat' dir='ltr'>quod</span> <span class='ocrx_word' id='word_1_50' title='bbox 773 2693 894 2780; x_wconf 81' lang='lat' dir='ltr'>incipit</span> <span class='ocrx_word' id='word_1_51' title='bbox 914 2715 935 2758; x_wconf 91' lang='lat' dir='ltr'>a</span> <span class='ocrx_word' id='word_1_52' title='bbox 957 2691 1131 2759; x_wconf 84' lang='lat' dir='ltr'>Gracchis.</span> 
     </span>
    </p>

    <p class='ocr_par' dir='ltr' id='par_1_3' title="bbox 103 2806 1275 3686">
     <span class='ocr_line' id='line_1_9' title="bbox 152 2806 1275 2891; baseline 0.001 -20"><span class='ocrx_word' id='word_1_53' title='bbox 152 2806 280 2891; x_wconf 86' lang='lat' dir='ltr'>Magna</span> <span class='ocrx_word' id='word_1_54' title='bbox 303 2807 454 2874; x_wconf 86' lang='lat' dir='ltr'>factaest</span> <span class='ocrx_word' id='word_1_55' title='bbox 477 2829 592 2874; x_wconf 90' lang='lat' dir='ltr'>rerum</span> <span class='ocrx_word' id='word_1_56' title='bbox 604 2813 638 2874; x_wconf 87' lang='lat' dir='ltr'>et</span> <span class='ocrx_word' id='word_1_57' title='bbox 653 2809 849 2874; x_wconf 89' lang='lat' dir='ltr'>animorum</span> <span class='ocrx_word' id='word_1_58' title='bbox 860 2807 1092 2874; x_wconf 87' lang='lat' dir='ltr'>commutatio.</span> <span class='ocrx_word' id='word_1_59' title='bbox 1116 2807 1275 2872; x_wconf 86' lang='lat' dir='ltr'>Romana</span> 
     </span>
     <span class='ocr_line' id='line_1_10' title="bbox 103 2918 1275 3009; baseline 0.001 -24"><span class='ocrx_word' id='word_1_60' title='bbox 103 2918 236 3000; x_wconf 86' lang='lat' dir='ltr'>civitas,</span> <span class='ocrx_word' id='word_1_61' title='bbox 273 2919 316 2986; x_wconf 88' lang='lat' dir='ltr'>ab</span> <span class='ocrx_word' id='word_1_62' title='bbox 352 2920 487 3006; x_wconf 86' lang='lat' dir='ltr'>exiguis</span> <span class='ocrx_word' id='word_1_63' title='bbox 510 2922 661 3009; x_wconf 85' lang='lat' dir='ltr'>prolecta</span> <span class='ocrx_word' id='word_1_64' title='bbox 695 2921 810 3002; x_wconf 79' lang='lat' dir='ltr'>initiis,</span> <span class='ocrx_word' id='word_1_65' title='bbox 846 2942 885 2987; x_wconf 92' lang='lat' dir='ltr'>eo</span> <span class='ocrx_word' id='word_1_66' title='bbox 909 2920 1026 3002; x_wconf 88' lang='lat' dir='ltr'>crevit,</span> <span class='ocrx_word' id='word_1_67' title='bbox 1050 2919 1182 2986; x_wconf 89' lang='lat' dir='ltr'>utiam</span> <span class='ocrx_word' id='word_1_68' title='bbox 1204 2943 1275 2986; x_wconf 90' lang='lat' dir='ltr'>ma·</span> 
     </span>
     <span class='ocr_line' id='line_1_11' title="bbox 104 3032 1273 3121; baseline 0.003 -25"><span class='ocrx_word' id='word_1_69' title='bbox 104 3032 288 3117; x_wconf 87' lang='lat' dir='ltr'>gnitudine</span> <span class='ocrx_word' id='word_1_70' title='bbox 312 3032 443 3120; x_wconf 90' lang='lat' dir='ltr'>laboret</span> <span class='ocrx_word' id='word_1_71' title='bbox 470 3056 540 3101; x_wconf 90' lang='lat' dir='ltr'>sua.</span> <span class='ocrx_word' id='word_1_72' title='bbox 587 3035 642 3100; x_wconf 82' lang='lat' dir='ltr'>Ex</span> <span class='ocrx_word' id='word_1_73' title='bbox 654 3033 814 3100; x_wconf 80' lang='lat' dir='ltr'>omuibus</span> <span class='ocrx_word' id='word_1_74' title='bbox 825 3033 924 3100; x_wconf 90' lang='lat' dir='ltr'>bellis</span> <span class='ocrx_word' id='word_1_75' title='bbox 939 3055 1026 3120; x_wconf 90' lang='lat' dir='ltr'>quae</span> <span class='ocrx_word' id='word_1_76' title='bbox 1039 3033 1151 3118; x_wconf 83' lang='lat' dir='ltr'>gessit,</span> <span class='ocrx_word' id='word_1_77' title='bbox 1165 3033 1273 3121; x_wconf 90' lang='lat' dir='ltr'>iisque</span> 
     </span>
     <span class='ocr_line' id='line_1_12' title="bbox 107 3145 1274 3234; baseline 0.003 -25"><span class='ocrx_word' id='word_1_78' title='bbox 107 3146 261 3211; x_wconf 84' lang='lat' dir='ltr'>maxime</span> <span class='ocrx_word' id='word_1_79' title='bbox 285 3146 491 3232; x_wconf 85' lang='lat' dir='ltr'>periculosis,</span> <span class='ocrx_word' id='word_1_80' title='bbox 517 3149 669 3234; x_wconf 89' lang='lat' dir='ltr'>superior</span> <span class='ocrx_word' id='word_1_81' title='bbox 692 3148 861 3214; x_wconf 80' lang='lat' dir='ltr'>discessit:</span> <span class='ocrx_word' id='word_1_82' title='bbox 896 3147 1076 3232; x_wconf 80' lang='lat' dir='ltr'>Carthago,</span> <span class='ocrx_word' id='word_1_83' title='bbox 1090 3146 1203 3232; x_wconf 79' lang='lat' dir='ltr'>gravis</span> <span class='ocrx_word' id='word_1_84' title='bbox 1214 3145 1274 3212; x_wconf 92' lang='lat' dir='ltr'>illa</span> 
     </span>
     <span class='ocr_line' id='line_1_13' title="bbox 104 3259 1272 3341; baseline 0.001 -17"><span class='ocrx_word' id='word_1_85' title='bbox 104 3259 252 3340; x_wconf 86' lang='lat' dir='ltr'>aemula,</span> <span class='ocrx_word' id='word_1_86' title='bbox 290 3260 446 3326; x_wconf 86' lang='lat' dir='ltr'>funditus</span> <span class='ocrx_word' id='word_1_87' title='bbox 481 3268 531 3326; x_wconf 87' lang='lat' dir='ltr'>est</span> <span class='ocrx_word' id='word_1_88' title='bbox 569 3260 721 3340; x_wconf 86' lang='lat' dir='ltr'>sublata;</span> <span class='ocrx_word' id='word_1_89' title='bbox 747 3261 960 3341; x_wconf 85' lang='lat' dir='ltr'>Corinthum,</span> <span class='ocrx_word' id='word_1_90' title='bbox 985 3260 1088 3326; x_wconf 87' lang='lat' dir='ltr'>totius</span> <span class='ocrx_word' id='word_1_91' title='bbox 1111 3260 1272 3326; x_wconf 82' lang='lat' dir='ltr'>Graeciae</span> 
     </span>
     <span class='ocr_line' id='line_1_14' title="bbox 105 3372 1273 3461; baseline 0.001 -24"><span class='ocrx_word' id='word_1_92' title='bbox 105 3372 237 3452; x_wconf 91' lang='lat' dir='ltr'>lumen,</span> <span class='ocrx_word' id='word_1_93' title='bbox 273 3374 481 3440; x_wconf 84' lang='lat' dir='ltr'>exstinctum</span> <span class='ocrx_word' id='word_1_94' title='bbox 515 3397 584 3440; x_wconf 88' lang='lat' dir='ltr'>esse</span> <span class='ocrx_word' id='word_1_95' title='bbox 620 3375 749 3455; x_wconf 81' lang='lat' dir='ltr'>voluit3</span> <span class='ocrx_word' id='word_1_96' title='bbox 787 3373 812 3461; x_wconf 64' lang='grc'>2)</span> <span class='ocrx_word' id='word_1_97' title='bbox 847 3374 947 3444; x_wconf 84' lang='lat' dir='ltr'>Asiae</span> <span class='ocrx_word' id='word_1_98' title='bbox 981 3375 1099 3458; x_wconf 87' lang='lat' dir='ltr'>magni</span> <span class='ocrx_word' id='word_1_99' title='bbox 1135 3373 1273 3460; x_wconf 88' lang='lat' dir='ltr'>spiritus</span> 
     </span>
     <span class='ocr_line' id='line_1_15' title="bbox 108 3484 1273 3574; baseline 0.001 -24"><span class='ocrx_word' id='word_1_100' title='bbox 108 3484 209 3550; x_wconf 87' lang='lat' dir='ltr'>fracti</span> <span class='ocrx_word' id='word_1_101' title='bbox 234 3493 315 3550; x_wconf 90' lang='lat' dir='ltr'>sunt</span> <span class='ocrx_word' id='word_1_102' title='bbox 338 3492 371 3552; x_wconf 91' lang='lat' dir='ltr'>et</span> <span class='ocrx_word' id='word_1_103' title='bbox 394 3489 549 3574; x_wconf 85' lang='lat' dir='ltr'>repressi.</span> <span class='ocrx_word' id='word_1_104' title='bbox 594 3488 688 3554; x_wconf 88' lang='lat' dir='ltr'>Iusto</span> <span class='ocrx_word' id='word_1_105' title='bbox 700 3489 773 3554; x_wconf 88' lang='lat' dir='ltr'>iure</span> <span class='ocrx_word' id='word_1_106' title='bbox 786 3509 819 3553; x_wconf 91' lang='lat' dir='ltr'>se</span> <span class='ocrx_word' id='word_1_107' title='bbox 832 3489 905 3574; x_wconf 89' lang='lat' dir='ltr'>ipsa</span> <span class='ocrx_word' id='word_1_108' title='bbox 917 3494 1084 3553; x_wconf 90' lang='lat' dir='ltr'>terrarum</span> <span class='ocrx_word' id='word_1_109' title='bbox 1097 3487 1273 3552; x_wconf 88' lang='lat' dir='ltr'>dominam</span> 
     </span>
     <span class='ocr_line' id='line_1_16' title="bbox 103 3597 421 3686; baseline 0.006 -22"><span class='ocrx_word' id='word_1_110' title='bbox 103 3597 279 3685; x_wconf 90' lang='lat' dir='ltr'>appellare</span> <span class='ocrx_word' id='word_1_111' title='bbox 302 3605 421 3686; x_wconf 87' lang='lat' dir='ltr'>potest.</span> 
     </span>
    </p>

    <p class='ocr_par' dir='ltr' id='par_1_4' title="bbox 102 3710 1272 3930">
     <span class='ocr_line' id='line_1_17' title="bbox 148 3710 1272 3803; baseline 0.001 -26"><span class='ocrx_word' id='word_1_112' title='bbox 148 3710 217 3777; x_wconf 87' lang='lat' dir='ltr'>Sed</span> <span class='ocrx_word' id='word_1_113' title='bbox 241 3711 379 3779; x_wconf 87' lang='lat' dir='ltr'>fallaces</span> <span class='ocrx_word' id='word_1_114' title='bbox 402 3719 482 3779; x_wconf 91' lang='lat' dir='ltr'>sunt</span> <span class='ocrx_word' id='word_1_115' title='bbox 504 3736 621 3780; x_wconf 90' lang='lat' dir='ltr'>rerum</span> <span class='ocrx_word' id='word_1_116' title='bbox 645 3716 772 3803; x_wconf 87' lang='lat' dir='ltr'>species</span> <span class='ocrx_word' id='word_1_117' title='bbox 796 3713 920 3801; x_wconf 90' lang='lat' dir='ltr'>quibus</span> <span class='ocrx_word' id='word_1_118' title='bbox 937 3714 1116 3780; x_wconf 88' lang='lat' dir='ltr'>credimus.</span> <span class='ocrx_word' id='word_1_119' title='bbox 1164 3713 1199 3779; x_wconf 81' lang='lat' dir='ltr'>Si</span> <span class='ocrx_word' id='word_1_120' title='bbox 1212 3714 1272 3800; x_wconf 91' lang='lat' dir='ltr'>qui</span> 
     </span>
     <span class='ocr_line' id='line_1_18' title="bbox 102 3825 1272 3930; baseline 0.002 -40"><span class='ocrx_word' id='word_1_121' title='bbox 102 3825 216 3912; x_wconf 89' lang='lat' dir='ltr'>specie</span> <span class='ocrx_word' id='word_1_122' title='bbox 242 3846 313 3890; x_wconf 89' lang='lat' dir='ltr'>non</span> <span class='ocrx_word' id='word_1_123' title='bbox 336 3825 603 3913; x_wconf 87' lang='lat' dir='ltr'>decipiebantur,</span> <span class='ocrx_word' id='word_1_124' title='bbox 627 3828 686 3894; x_wconf 91' lang='lat' dir='ltr'>sed</span> <span class='ocrx_word' id='word_1_125' title='bbox 709 3850 824 3894; x_wconf 89' lang='lat' dir='ltr'>rerum</span> <span class='ocrx_word' id='word_1_126' title='bbox 847 3827 1015 3893; x_wconf 89' lang='lat' dir='ltr'>rationem</span> <span class='ocrx_word' id='word_1_127' title='bbox 1037 3827 1081 3892; x_wconf 92' lang='lat' dir='ltr'>ad</span> <span class='ocrx_word' id='word_1_128' title='bbox 1092 3827 1272 3930; x_wconf 80' lang='lat' dir='ltr'>veritatem</span> 
     </span>
    </p>
   </div>
   <div class='ocr_carea' id='block_1_3' title="bbox 97 4021 1271 4265">
    <p class='ocr_par' dir='ltr' id='par_1_5' title="bbox 97 4021 1271 4265">
     <span class='ocr_line' id='line_1_19' title="bbox 136 4021 1271 4103; baseline 0.004 -20"><span class='ocrx_word' id='word_1_129' title='bbox 136 4035 153 4096; x_wconf 65' lang='grc' dir='ltr'>ι)</span> <span class='ocrx_word' id='word_1_130' title='bbox 192 4035 230 4084; x_wconf 81' lang='lat' dir='ltr'>1a</span> <span class='ocrx_word' id='word_1_131' title='bbox 247 4034 332 4084; x_wconf 73' lang='lat' dir='ltr'>uvius</span> <span class='ocrx_word' id='word_1_132' title='bbox 349 4036 410 4097; x_wconf 77' lang='lat' dir='ltr'>&lt;uu</span> <span class='ocrx_word' id='word_1_133' title='bbox 428 4037 449 4096; x_wconf 91' lang='lat'>1,</span> <span class='ocrx_word' id='word_1_134' title='bbox 467 4038 542 4086; x_wconf 67' lang='lat' dir='ltr'>raas.</span> <span class='ocrx_word' id='word_1_135' title='bbox 561 4040 585 4099; x_wconf 76' lang='lat' dir='ltr'>o</span> <span class='ocrx_word' id='word_1_136' title='bbox 603 4038 687 4087; x_wconf 69' lang='lat' dir='ltr'>sariba</span> <span class='ocrx_word' id='word_1_137' title='bbox 704 4040 732 4088; x_wconf 75' lang='lat' dir='ltr'>a</span> <span class='ocrx_word' id='word_1_138' title='bbox 748 4021 798 4088; x_wconf 69' lang='lat' dir='ltr'>aa</span> <span class='ocrx_word' id='word_1_139' title='bbox 814 4038 961 4103; x_wconf 74' lang='lat' dir='ltr'>temporibus</span> <span class='ocrx_word' id='word_1_140' title='bbox 978 4042 1002 4087; x_wconf 66' lang='lat' dir='ltr'>et</span> <span class='ocrx_word' id='word_1_141' title='bbox 1019 4038 1047 4088; x_wconf 54' lang='grc' dir='ltr'>αθ</span> <span class='ocrx_word' id='word_1_142' title='bbox 1064 4037 1271 4102; x_wconf 68' lang='lat' dir='ltr'>iisquoeproxime</span> 
     </span>
     <span class='ocr_line' id='line_1_20' title="bbox 97 4117 1070 4175; baseline 0.002 -9"><span class='ocrx_word' id='word_1_143' title='bbox 97 4119 288 4175; x_wconf 52' lang='lat' dir='ltr'>summumst</span> <span class='ocrx_word' id='word_1_144' title='bbox 306 4117 367 4167; x_wconf 83' lang='lat' dir='ltr'>mihi</span> <span class='ocrx_word' id='word_1_145' title='bbox 383 4121 462 4169; x_wconf 79' lang='lat' dir='ltr'>tamen</span> <span class='ocrx_word' id='word_1_146' title='bbox 479 4119 528 4168; x_wconf 80' lang='lat' dir='ltr'>ism</span> <span class='ocrx_word' id='word_1_147' title='bbox 545 4119 571 4168; x_wconf 91' lang='lat' dir='ltr'>in</span> <span class='ocrx_word' id='word_1_148' title='bbox 589 4120 749 4170; x_wconf 82' lang='lat' dir='ltr'>Gracchorum</span> <span class='ocrx_word' id='word_1_149' title='bbox 767 4124 840 4170; x_wconf 79' lang='lat' dir='ltr'>aetate</span> <span class='ocrx_word' id='word_1_150' title='bbox 857 4120 935 4169; x_wconf 82' lang='lat' dir='ltr'>velere</span> <span class='ocrx_word' id='word_1_151' title='bbox 952 4121 1070 4170; x_wconf 86' lang='lat' dir='ltr'>videntur.</span> 
     </span>
     <span class='ocr_line' id='line_1_21' title="bbox 132 4197 786 4265; baseline 0.005 -17"><span class='ocrx_word' id='word_1_152' title='bbox 132 4200 152 4261; x_wconf 78' lang='lat'>²)</span> <span class='ocrx_word' id='word_1_153' title='bbox 187 4199 225 4250; x_wconf 81' lang='lat' dir='ltr'>Of.</span> <span class='ocrx_word' id='word_1_154' title='bbox 245 4197 294 4248; x_wconf 85' lang='lat' dir='ltr'>Cio.</span> <span class='ocrx_word' id='word_1_155' title='bbox 312 4199 348 4248; x_wconf 85' lang='lat' dir='ltr'>De</span> <span class='ocrx_word' id='word_1_156' title='bbox 365 4200 426 4265; x_wconf 90' lang='lat' dir='ltr'>Imp.</span> <span class='ocrx_word' id='word_1_157' title='bbox 445 4201 488 4250; x_wconf 84' lang='lat' dir='ltr'>On.</span> <span class='ocrx_word' id='word_1_158' title='bbox 506 4201 590 4265; x_wconf 74' lang='lat' dir='ltr'>Pomp,</span> <span class='ocrx_word' id='word_1_159' title='bbox 609 4202 631 4261; x_wconf 84' lang='lat'>5,</span> <span class='ocrx_word' id='word_1_160' title='bbox 650 4202 688 4250; x_wconf 90' lang='lat'>11.</span> <span class='ocrx_word' id='word_1_161' title='bbox 784 4222 786 4225; x_wconf 64' lang='grc'>’</span> 
     </span>
    </p>
   </div>
   <div class='ocr_carea' id='block_1_4' title="bbox 0 0 1568 5130">
    <p class='ocr_par' dir='ltr' id='par_1_6' title="bbox 0 0 1568 5130">
     <span class='ocr_line' id='line_1_22' title="bbox 0 0 1568 5130; baseline 0 0"><span class='ocrx_word' id='word_1_162' title='bbox 0 0 1568 5130; x_wconf 95' lang='lat' dir='ltr'> </span> 
     </span>
    </p>
   </div>
  </div>
 </body>
</html>
