3040 5134
596 617 660 684 185

48 795 115 860 foro
151 794 302 861 aberant.
338 793 365 881 ¹)
424 795 586 862 Suetonio
626 800 709 862 teste
744 795 815 882 ipse
850 795 1028 880 Augustus
1060 794 1208 880 ,legavit

47 907 168 994 populo
189 908 231 974 R.
256 907 544 995 quadringenties,
569 907 726 974 tribubus
748 908 860 975 tricies
883 907 1066 995 quinquies
1090 913 1206 974 sester-

49 1021 160 1087 tium.”
184 1020 211 1107 2)
256 1021 387 1087 Similia
413 1028 492 1088 sunt
514 1021 642 1088 Tiberii
665 1021 787 1107 legata,
812 1022 872 1109 qui
892 1021 997 1108 patris
1009 1020 1207 1108 exemplum

48 1140 175 1200 secutus
208 1133 337 1218 legavit
377 1134 506 1222 ,plebei
538 1186 546 1201 .
578 1134 755 1201 Romanae
792 1134 931 1216 viritim,
966 1140 1069 1222 atque
1104 1134 1209 1200 etiam

48 1246 223 1333 separatim
261 1247 416 1315 vicorum
440 1228 642 1334 magistris.”
667 1246 693 1332 8)
741 1248 888 1333 Augusti
911 1247 1063 1332 legatum
1087 1246 1212 1318 diffict,

48 1359 108 1425 lius
140 1367 190 1427 est
224 1360 267 1426 ad
300 1361 606 1448 interpretandum.
654 1362 696 1427 ln
720 1361 812 1427 huno
838 1361 980 1428 modum
1004 1367 1163 1428 narratur
1192 1383 1211 1427 a

49 1473 178 1540 Tacito:
207 1474 354 1558 ,Legata
377 1495 446 1540 non
472 1474 563 1541 ultra
578 1474 716 1542 civilem
728 1475 880 1556 modurn,
893 1475 959 1542 nisi
973 1475 1065 1562 quod
1079 1475 1206 1563 populo
1263 1501 1268 1512 ·

50 1592 78 1651 et
112 1586 202 1674 plebi
237 1587 542 1674 quadringentiens
557 1635 559 1638 -
575 1588 712 1655 triciens
748 1589 956 1677 quinquiens
992 1588 1146 1676 (dedit).‘'
1182 1590 1209 1676 4)

48 1699 186 1786 Populos
207 1707 241 1768 et
259 1701 347 1787 plebs
369 1702 503 1788 saepius
528 1701 587 1768 illa
610 1701 751 1789 quidem
774 1722 845 1768 una
866 1701 1038 1786 leguntur,
1065 1707 1125 1768 aut
1148 1724 1208 1790 per

47 1834 99 1897 quc
141 1813 346 1900 particulam
396 1815 555 1903 copulata
594 1816 747 1902 (popular
782 1815 960 1902 plebesque)
995 1815 1031 1880 in
1064 1814 1211 1882 oraculis

48 1927 247 2009 praesertim,
283 1928 536 2014 precationibus
567 1927 798 2009 sollemnibus,
836 1927 1014 2008 similibus
1043 1948 1113 1993 non
1136 1927 1209 1996 siue

50 2039 190 2123 quodam
224 2041 402 2108 vetustatis
435 2041 567 2123 colore,
605 2042 630 2128 ὅ)
673 2047 825 2108 autnon
849 2041 950 2129 plane
975 2046 1207 2128 opponuntur,

49 2157 78 2215 at
104 2152 203 2238 plebia
240 2174 323 2220 voce
346 2153 545 2240 designatur
567 2154 685 2242 populi
710 2154 875 2222 vilissima
899 2176 986 2242 pars.
1011 2153 1038 2240 Β)
1084 2153 1205 2222 Nescio

49 2268 154 2332 tamen
191 2288 236 2332 an
265 2267 322 2333 hic
346 2267 454 2334 Taciti
478 2268 572 2335 locus
595 2268 753 2336 nonnihil
778 2291 798 2334 a
822 2268 942 2335 ceteris
967 2268 1078 2334 distet.
1127 2267 1208 2334 Sue·

49 2378 124 2443 tonii
146 2378 250 2447 verba
273 2379 396 2447 docent
419 2381 555 2468 plebem
578 2381 634 2448 hic
658 2381 751 2448 idem
773 2381 887 2448 valere
912 2387 1014 2469 atque
1035 2381 1143 2448 nibus.
1183 2380 1210 2467 7)

49 2489 209 2577 Equidem
248 2493 353 2578 igitur
390 2516 465 2561 rem
498 2496 546 2562 ita
580 2495 719 2582 accipio,
755 2501 793 2560 ut
828 2496 1023 2581 Augustum
1060 2495 1207 2582 priorem

50 2606 220 2688 pecuniam
255 2606 525 2674 distribuendam
560 2631 703 2690 curasse,
739 2607 883 2674 alteram
924 2629 1005 2675 vero
1041 2607 1207 2693 legavisse

50 2724 156 2801 putem
179 2718 215 2784 in
241 2719 454 2804 singularum
478 2721 631 2788 tribuum
655 2722 768 2788 nescio
793 2743 878 2808 quos
902 2742 1103 2788 communes
1116 2743 1209 2804 usus,

50 2829 91 2895 ita
121 2832 259 2918 quidem
292 2838 332 2899 ut
355 2834 494 2908 sortasse
517 2834 672 2901 tribuum
695 2834 908 2902 curatoribus
933 2833 960 2920 ⁸)
986 2835 1125 2901 daretur
1150 2835 1206 2901 ad·

51 2943 264 3012 ministranda
304 2952 406 3034 atque
444 2949 686 3034 impendenda.
721 2947 749 3034 9)
806 2947 885 3015 Non
920 2968 1016 3014 secus
1052 2947 1208 3016 Tiberius

56 3095 237 3108 *ᾖ

80 3178 94 3238 1)
125 3181 161 3232 Oi.
178 3182 275 3248 Kiepart
291 3187 314 3232 et
330 3184 445 3244 Huelsen,
463 3185 560 3234 Formae
579 3185 631 3234 urb.
649 3186 736 3233 Romae
753 3185 827 3249 antiq.

79 3261 96 3321 ²)
127 3265 186 3315 auat.
207 3267 267 3330 Aug.
287 3267 343 3317 101.
724 3253 726 3259 '

80 3343 97 3407 3)
127 3347 188 3397 Suet.
206 3348 259 3398 Tib.
278 3351 319 3402 76.

80 3427 96 3488 ⁴)
127 3430 178 3480 Tac.
200 3433 264 3482 Anu.
282 3432 302 3492 I,
321 3434 343 3482 8.
389 3448 392 3454 ·

81 3509 95 3570 ⁵)
126 3513 229 3563 (liliis.
247 3515 319 3574 XXV,
339 3517 378 3575 12,
396 3517 443 3575 lo;
462 3517 547 3575 XXIX,
566 3517 605 3575 27.
624 3516 655 3574 2;
674 3517 724 3566 Cic.
742 3517 787 3566 Pro
805 3517 1208 3580 Mur.1,1;varr.v,14,sc;

54 3589 107 3642 Plio.
123 3595 204 3660 Peueg.
222 3597 263 3646 32.
297 3598 332 3646 De
349 3599 394 3648 ista
411 3598 513 3648 formula
529 3601 640 3663 populus
654 3600 787 3664 plebesque)
799 3599 949 3656 videSoltau,
960 3598 1062 3648 altrum.
1073 3598 1208 3652 Volksvcrs.

55 3688 97 3738 ling.
113 3677 156 3737 843
173 3680 258 3744 Lange,
276 3681 344 3730 Rom.
362 3681 412 3730 Alt.
430 3682 452 3730 1³
470 3699 521 3746 pag.
541 3683 605 3740 262;
623 3682 735 3731 Momms.
753 3683 808 3732 StR.
828 3682 866 3731 III
880 3699 932 3747 pag.
951 3683 965 3730 6
983 3682 1037 3732 adu.
1058 3685 1081 3730 4.

82 3759 97 3818 ὓ)
126 3762 236 3828 Exempla
253 3763 324 3813 habes
341 3759 395 3814 Tac.
413 3765 477 3814 Hiat.
495 3765 516 3821 Ι,
537 3765 585 3822 35;
604 3766 652 3822 36;
670 3765 719 3824 40;
738 3765 786 3825 76;
806 3766 837 3814 82
856 3769 899 3814 cto.

82 3839 98 3900 ⁷)
127 3845 197 3895 Plura
213 3847 320 3912 exempla
336 3847 391 3896 vide
407 3865 459 3912 pag.
479 3849 525 3896 153
544 3849 598 3897 adn.
615 3848 637 3897 l.

82 3923 98 3984 8)
128 3927 162 3978 cf.
179 3929 291 3980 Momms.
309 3931 364 3980 Sta.
382 3931 419 3979 III
436 3947 490 3996 pag.
507 3932 564 3979 196.

82 4005 98 4067 ⁹)
128 4011 226 4063 Minime
242 4014 362 4063 consentio
379 4030 434 4063 cum
446 4014 499 4062 illis
508 4014 683 4079 interpretibus,
693 4015 735 4079 qui
744 4042 776 4050 —
786 4018 812 4063 ut
820 4014 928 4072 Wolfins,
938 4013 1050 4070 Orellius,
1060 4013 1208 4079 Nipperdey·

56 4086 166 4151 Audrcsen,
188 4096 297 4161 Draeger,
323 4096 409 4161 quibus
426 4098 497 4146 addas
520 4097 631 4146 Momms.
649 4098 717 4146 Rem.
734 4087 890 4162 Tribua‘pag.
910 4097 974 4155 1943
993 4097 1048 4146 Sta.
1066 4096 1105 4145 HI
1121 4113 1174 4162 pag.
1192 4098 1207 4147 6

56 4169 99 4222 ndu.
114 4177 129 4222 4
145 4205 175 4213 -
191 4179 383 4228 distributionem
401 4180 434 4229 ita
451 4181 535 4230 sactum
553 4195 602 4228 esso
619 4183 722 4238 censent,
741 4183 774 4239 ut,
792 4180 856 4243 quod
872 4181 993 4244 Augustus
1007 4182 1094 4245 populo
1112 4179 1212 4244 legarat,

56 4249 76 4299 ln
90 4260 195 4310 aerarium
212 4261 294 4327 populi
313 4263 413 4312 Romani
425 4263 460 4312 ad
476 4262 585 4328 publicos
594 4278 649 4312 usus
658 4263 798 4322 deferretur,
808 4262 1107 4327 quodtn'buburvelplebr‘,
1117 4263 1208 4313 viritim

57 4335 88 4384 vel
103 4341 190 4393 vicatim
207 4349 416 4410 pernumerentur,
434 4362 507 4411 quam
525 4346 623 4410 quidem
640 4345 765 4410 pecuniam
782 4362 829 4394 non
847 4346 894 4395 nisi
911 4345 1209 4412 amnuioribusacceptam

1078 4439 1120 4504 13
