3040 5134
860 611 923 676 118

274 864 277 868 ,
302 797 427 858 strema
449 790 558 856 Taciti
585 788 690 856 verba
708 796 864 875 postremo
886 789 983 854 uetito
1005 810 1103 854 usuro
1124 787 1367 875 interpretibus
1385 786 1457 852 mul·

303 911 380 971 tum
413 903 542 989 negotii
565 903 783 968 facesserunt.
808 901 888 966 Sine
914 901 1018 966 dubio
1042 902 1163 967 eodem
1186 901 1323 988 respicit
1343 901 1455 980 Livius,
1511 907 1512 948 3

302 1040 383 1084 cum
416 1016 552 1082 scribit:
591 1015 749 1098 „Praeter
771 1015 856 1080 haec
878 1014 1018 1080 invenio
1041 1015 1134 1101 apud
1157 1015 1324 1100 quosdam
1347 1015 1383 1080 L.
1406 1014 1457 1078 Ge·
1511 1023 1512 1026 ’

302 1131 446 1198 nucium
480 1129 658 1195 tribunum
692 1127 803 1215 plebis
836 1126 951 1192 tulisse
986 1128 1029 1193 ad
1058 1127 1204 1213 plebem,
1233 1149 1276 1193 ne
1300 1128 1456 1193 faenerare

302 1244 429 1310 liceret.
443 1241 468 1329 ¹)
481 1243 526 1309 Et
538 1243 676 1309 fortasse
691 1241 871 1328 Appianas
884 1263 890 1305 :
915 1274 928 1306 1
934 1238 1021 1316 νόμου
1032 1235 1107 1309 ταὶς
1119 1245 1245 1300 παλαιοῦ
1255 1241 1457 1316 διαγορεύοντος
1512 1279 1513 1290 .

302 1356 346 1434 μὴ
366 1355 503 1432 δανείζειν
523 1353 570 1414 ἐπὶ
588 1354 695 1427 τόκοις,
718 1350 735 1422 ἢ
757 1355 866 1430 ζημίαν
887 1349 939 1411 τὶν
960 1351 1035 1411 οὕτω
1047 1353 1223 1412 δανείσαντα
1235 1354 1457 1434 προσοφλεῖν.”’)
1512 1363 1513 1386 ³

303 1461 405 1526 Multi
450 1459 522 1526 viri.
559 1460 649 1525 docti
684 1458 856 1524 Romanas
891 1459 1038 1524 rationes
1076 1480 1200 1545 parum
1234 1459 1457 1546 perspicientes
1512 1491 1513 1498 .

304 1594 528 1660 summaeque
552 1573 744 1638 dementiae
769 1593 839 1638 esse
850 1572 1041 1638 iudicantes
1054 1593 1195 1637 ornnem
1207 1572 1456 1650 faenerationem

304 1693 429 1768 vetare,
464 1686 509 1752 ad
542 1685 646 1752 huius
680 1685 766 1770 legis
801 1686 904 1750 nimis
939 1691 1072 1752 coactas
1101 1686 1394 1772 interpretationes
1414 1683 1458 1748 de·
1513 1700 1514 1746 l

303 1806 456 1867 currunt.
492 1798 519 1886 8)
565 1799 601 1865 Si
636 1820 769 1864 memor
792 1799 836 1863 sis
859 1820 980 1865 eorum
1004 1820 1091 1885 quae
1116 1799 1189 1864 dixi
1212 1799 1254 1864 de
1279 1797 1458 1864 notionibus
1512 1824 1513 1851 1

304 1920 337 1981 11
367 1912 557 1980 rationibus
590 1934 677 1999 quae
712 1912 748 1977 in
785 1933 820 1976 re
855 1913 1054 1998 pecuniaria
1084 1913 1176 1999 apud
1200 1912 1359 2000 antiquos
1380 1931 1458 1996 prae·

305 2028 476 2108 valebant,
513 2027 596 2092 item
632 2026 673 2091 de
706 2026 820 2091 decori
854 2047 937 2091 cura
970 2026 1208 2091 Romanorum
1242 2025 1391 2092 moribus
1413 2044 1458 2109 pe·
1511 2051 1512 2130 p

303 2143 397 2207 nitus
435 2140 547 2220 insita,
582 2139 652 2204 iarn
687 2138 864 2223 intelleges
898 2138 986 2204 nihil
1019 2138 1152 2205 obstare
1187 2139 1274 2226 quin
1306 2157 1456 2227 ponamus
1511 2131 1512 2156 ³

304 2276 423 2321 revera
447 2251 643 2319 Genucium
665 2274 756 2318 anno
780 2274 810 2318 a.
835 2274 868 2318 11.
892 2243 921 2318 c.
945 2253 1010 2318 412
1035 2251 1077 2338 (a.
1102 2253 1182 2318 Chr.
1206 2275 1239 2318 11.
1265 2255 1345 2338 342)
1366 2251 1455 2316 talem

306 2369 419 2454 legem
454 2366 580 2446 tulisse,
616 2365 642 2452 ⁴)
678 2387 765 2452 quae
797 2366 1047 2432 humanissimo
1074 2367 1197 2453 cuique
1222 2366 1372 2453 probata,
1393 2363 1459 2452 quia

305 2573 367 2622 liche
392 2570 521 2626 bedentetc,
548 2570 601 2617 dass
625 2569 743 2618 vielmehr
759 2569 834 2618 demit
851 2574 920 2618 anter
936 2571 975 2619 die
993 2571 1082 2619 Grenae
1098 2586 1217 2634 gegangen
1234 2587 1290 2628 war,
1308 2571 1346 2619 die
1362 2569 1416 2618 auch
1429 2568 1459 2616 sir

305 2671 364 2720 ganz
381 2652 487 2702 normale
509 2679 535 2688 -
571 2651 688 2701 durchaus
705 2653 773 2701 nicht
790 2653 949 2702 vucherische
967 2680 998 2689 -
1017 2653 1134 2702 Darlehen
1152 2653 1311 2703 thatsi'schlich
1329 2653 1385 2702 nach
1402 2654 1459 2699 auten

305 2735 430 2788 bestand.''

340 2820 359 2881 ¹)
394 2819 578 2878 Liv.vl1‚42,
598 2818 620 2867 1.

339 2905 358 2965 ²)
392 2903 495 2968 Appian.
522 2903 551 2950 B.
577 2901 699 2960 1111,
734 2903 823 2951 Utrum
844 2904 969 2968 Appianas
988 2905 1065 2968 ipsam
1082 2904 1158 2967 legem
1176 2905 1306 2954 Genucium
1323 2903 1424 2968 respiciat
1437 2917 1460 2948 rn

307 2987 461 3037 recentiorem
486 2985 591 3050 aliquam
617 3001 676 3048 quae
701 2984 770 3033 illam
797 2987 917 3034 renovarit
941 2987 1085 3052 paulumque
1103 2988 1267 3038 immutaverit
1285 2989 1405 3037 incertum.
1435 2985 1462 3031 De
1514 3029 1515 3056 ζ

305 3072 348 3120 hac
373 3069 511 3134 quaestione
535 3069 565 3115 cl.
593 3067 674 3116 Billet.
699 3067 751 3115 1.1.
770 3084 822 3132 pag.
842 3070 888 3116 144
907 3085 988 3135 seqq.;
1006 3071 1065 3119 item
1082 3072 1110 3120 de
1127 3071 1178 3134 lege
1195 3073 1296 3135 quedam
1315 3071 1402 3120 Marcia
1417 3067 1461 3130 „sd-

307 3169 388 3201 uersus
413 3149 585 3200 faeneratores”
611 3150 696 3198 incerti
714 3151 778 3202 anni.
796 3168 868 3215 quam
886 3153 958 3200 Gaius
975 3157 1142 3202 commemorat
1159 3155 1211 3216 (lv,
1230 3154 1279 3213 23),
1299 3158 1341 3219 „ut
1357 3155 1376 3202 si
1393 3165 1462 3199 usuras

305 3237 444 3299 exegissent,
461 3235 490 3282 de
507 3233 546 3281 his
563 3233 687 3281 reddendis
705 3250 747 3298 per
764 3251 848 3283 manus
866 3236 1019 3284 iniectionem
1038 3254 1093 3286 cum
1110 3238 1146 3286 eis
1162 3238 1295 3301 ageretur.’'
1323 3239 1387 3286 Hanc
1399 3238 1462 3299 ipsam

202 3313 204 3317 ⁸
305 3319 379 3369 fuisse
399 3318 502 3383 Appiani
520 3311 647 3374 παλαιὲν
668 3314 767 3392 νόμον,
788 3334 834 3381 qua
852 3318 957 3367 Genucia
977 3323 1089 3368 renovata
1105 3321 1137 3368 sit
1154 3322 1242 3369 conicit
1260 3321 1366 3370 Billeter.

340 3409 360 3470 8)
394 3411 430 3460 Ita
447 3411 526 3473 Lange
544 3411 622 3472 (laum.
641 3411 690 3460 slt.
710 3411 746 3462 ΙΙ3
764 3428 815 3476 pag.
834 3411 865 3460 41
884 3414 958 3474 seqq.)
975 3413 1069 3460 tanturn
1087 3414 1169 3461 faenus
1187 3413 1300 3477 iniquum
1317 3427 1416 3462 exercere
1429 3408 1463 3456 lac

307 3493 358 3556 lege
383 3494 455 3542 luisse
480 3495 610 3544 coercitum
637 3495 779 3560 suspicatur,
797 3495 860 3558 quod
878 3493 925 3557 ipsi
943 3495 1070 3559 scriptores
1087 3496 1166 3544 Latini
1183 3513 1232 3544 non
1249 3495 1410 3560 intellegentes
1424 3505 1463 3540 rem
1514 3503 1515 3506 ’

309 3575 467 3640 vulgaverint.
502 3577 597 3626 Similis
622 3582 765 3642 expromunt
790 3576 922 3640 Schweglcr
949 3578 988 3635 (R.
1007 3578 1036 3626 G.
1052 3579 1077 3626 ll
1097 3594 1148 3642 pag.
1167 3579 1234 3637 215),
1252 3579 1351 3642 Madvig
1366 3577 1431 3640 (Verl.
1445 3589 1463 3619 u·

308 3659 384 3708 vem.
415 3659 441 3708 11
469 3675 521 3724 pag.
549 3660 615 3720 111),
634 3660 726 3724 sang
743 3645 838 3721 (11111.
857 3678 880 3710 u.
899 3662 960 3726 Syn.
979 3662 1001 3709 1.
1020 3665 1078 3710 rem.
1097 3662 1232 3710 seneen.
1250 3662 1262 3710 1
1279 3678 1332 3726 pag.
1350 3659 1464 3720 11111),

308 3741 359 3790 alii.
385 3742 446 3791 Ihne
471 3743 550 3805 (Ram.
578 3744 674 3792 llorsch.
702 3760 753 3807 pag.
783 3744 840 3803 103)
867 3772 898 3780 —
916 3761 986 3808 quem
1004 3745 1029 3792 in
1048 3744 1185 3809 explicando
1202 3760 1245 3794 cur
1261 3761 1353 3809 semper
1369 3741 1464 3809 patricias

309 3825 435 3874 creditores
452 3842 506 3875 cum
525 3826 672 3875 debitoribus
690 3827 780 3891 plebeis
797 3827 938 3891 compositos
955 3828 1085 3884 videamus,
1103 3828 1191 3876 miram
1213 3832 1329 3892 quantum
1346 3845 1359 3876 a
1376 3823 1464 3888 vulgatis

309 3907 464 3971 opinionibus
489 3910 622 3974 discrepare
648 3926 719 3974 supra
744 3910 828 3957 monui
851 3915 912 3974 (pag.
932 3910 1125 3968 31111111-
1139 3911 1272 3974 faenerare
1289 3911 1333 3960 hoc
1350 3910 1399 3959 loco
1414 3908 1465 3956 idern

311 4006 360 4038 esse
385 3995 455 4055 atque
477 3991 588 4040 decumas
604 3992 696 4055 exigere
713 4008 743 4039 ee
759 3992 825 4055 apris
842 3992 937 4041 conicit.
972 3992 1464 4052 Η1111111111111111111111111111.1.111ιὲΙ

310 4073 357 4120 135
376 4089 439 4138 seqq.
464 4074 575 4123 Ceterum
592 4076 621 4123 de
634 4075 697 4123 Livii
714 4075 860 4139 expositione
877 4079 900 4123 et
917 4076 945 4124 de
961 4075 1095 4124 auctoribus
1112 4073 1465 4140 quosinscribendosecutusest

310 4157 341 4206 al.
358 4156 422 4206 idem
439 4156 457 4204 l.
475 4156 491 4205 l.
509 4173 562 4221 pag.
589 4159 636 4206 146
654 4174 717 4222 seqq.

344 4239 364 4299 ⁴)
397 4239 499 4288 Omnem
526 4241 710 4289 faenerationem
728 4240 800 4288 fuisse
817 4241 917 4290 vetitam
947 4246 1038 4306 praeter
1055 4241 1156 4290 Billeter
1174 4242 1245 4290 etiam
1263 4246 1360 4292 sumunt
1377 4241 1464 4290 Moma-

310 4337 351 4373 sea
369 4320 407 4388 (R.
430 4322 458 4372 G.
477 4322 500 4371 1³
516 4337 570 4392 pag.
589 4323 655 4384 ³02),
673 4323 813 4391 Marquardt
829 4323 895 4388 (stV.
914 4322 939 4374 12
955 4340 1007 4392 pag.
1027 4325 1076 4386 59),
1090 4328 1133 4375 ete.
