3084 5128
511 543 512 547 ‘
642 581 706 648 297

606 759 699 825 vul.

125 938 221 1004 Plaio'
242 938 387 1024 Sympos.
414 941 476 1005 190
501 939 528 1002 Ε
553 940 598 1023 (in
623 940 724 1023 fine):
752 941 798 1004 uiit
820 942 924 1017 στόμα
948 948 1036 1001 ποιῶν
1059 940 1159 999 ἀπέδει
1172 925 1252 1001 noir&

83 1055 175 1128 μέσην
198 1055 252 1126 τὴν
274 1056 424 1132 γαστέρα,
450 1056 465 1114 ὃ
487 1055 522 1124 δὴ
546 1051 598 1113 τὸν
621 1053 757 1135 &poeuis
781 1054 940 1121 καλοῦσι.”

125 1165 311 1253 Legendum
336 1172 405 1232 esi:
433 1170 466 1229 uo*
488 1168 524 1238 δὴ
548 1179 595 1232 νῦν
618 1167 752 1249 ὀμφαλὸν
772 1168 929 1234 καλοῦσι.”

478 1357 486 1370 ·
607 1343 717 1409 VIIII.

125 1521 190 1588 Cio.
227 1521 296 1590 eat.
331 1523 374 1601 ΙΙ,
411 1525 441 1600 6,
480 1524 530 1599 12,
566 1522 621 1586 ubi
646 1522 762 1586 mirum
786 1523 820 1586 in
846 1524 973 1588 modum
996 1523 1158 1589 fluctuani
1178 1546 1250 1589 oum

82 1637 203 1702 oodioes
227 1642 296 1700 tum
320 1637 468 1714 editores,
492 1635 665 1721 legendum
692 1635 837 1699 videtur:

88 1808 93 1822 ,
172 1749 296 1816 »Homo
335 1750 419 1814 enim
458 1748 608 1814 videlioei
640 1748 772 1812 timidus
807 1753 863 1812 aut
899 1750 995 1814 etiam
1030 1752 1251 1833 permodestus

216 1884 325 1928 vooem
360 1863 500 1927 consulis
533 1863 615 1926 ferre
650 1884 713 1926 uon
748 1863 876 1945 potuit3
905 1861 1120 1948 simulatque
1146 1867 1192 1928 ire
1216 1865 1250 1928 in

212 1975 360 2041 exsilium
383 1977 488 2040 iussus
510 1958 569 2053 vest,
594 1978 712 2060 paruit.
751 1975 907 2041 Hesterno
932 1977 994 2060 die,
1010 1975 1163 2056 Quirites,
1177 1999 1249 2042 oum

211 2090 297 2154 domi
327 2112 415 2154 meae
438 2111 537 2174 paene
561 2090 748 2153 interfectus
772 2111 886 2158 essem.
911 2093 1057 2153 senatum
1079 2091 1114 2155 in
1140 2092 1248 2155 eodem

211 2201 297 2267 lovis
321 2201 458 2268 Statoris
481 2203 688 2266 oonvooavi.''
895 2263 898 2270 ,

81 2313 203 2380 Vitiose
237 2314 347 2392 Orelli,
384 2315 511 2396 Muller,
548 2315 873 2394 Richter-Eberhard,
897 2315 1107 2380 Luubmaun:
1133 2316 1251 2381 »simul

80 2432 174 2513 atque
198 2430 303 2494 ire-in
324 2430 471 2496 exsilium
496 2429 601 2494 iussus
625 2433 684 2508 est,
708 2432 825 2514 paruit,
850 2429 941 2496 ivit.”

631 2607 671 2673 X.

18 2759 21 2768 ⁸
122 2785 234 2850 Horat.
267 2783 370 2850 Coum.
404 2785 447 2863 ΙΙ,
483 2787 514 2863 4,
553 2809 599 2850 vs.
621 2787 729 2850 9-12
754 2791 839 2851 recte
863 2787 902 2850 ab
927 2786 1061 2852 Horatio
1087 2789 1249 2854 abiudioat

79 2895 331 2983 Peerlkampius.

633 3079 691 3144 XI.

120 3253 242 3320 Iniuria
268 3255 379 3320 Moisel
403 3258 449 3340 (in
473 3257 623 3322 Melber's
645 3257 770 3324 Blstter
793 3258 843 3321 fiir
857 3256 1243 3342 dasGymnasial-Sohul-
1358 3319 1360 3322 .

79 3387 180 3434 wesen
216 3368 391 3433 XXXVIII
425 3392 498 3456 pag.
535 3372 598 3434 355
635 3373 736 3457 seqq.)
761 3371 837 3436 Hor.
863 3370 961 3436 Serui.
985 3372 1011 3450 I,
1037 3375 1067 3451 6,
1095 3376 1133 3438 17
1159 3399 1246 3460 seq.:

8 3553 9 3562 2
80 3479 180 3554 »Quid
215 3486 342 3566 oportet
378 3506 435 3548 nos
459 3484 562 3548 faeere
587 3508 605 3547 a
628 3485 728 3571 uolgo
751 3484 848 3572 louge
871 3485 1030 3572 longeque
1054 3493 1196 3554 remotos
1209 3489 1245 3554 ?’‘

76 3590 325 3680 interpretatur:
367 3596 465 3661 ›Was
501 3598 601 3662 solleu
639 3599 678 3662 da
702 3600 780 3662 wir
805 3600 896 3677 thuu,
921 3601 993 3665 die
1018 3602 1068 3665 da
1088 3625 1102 3666 s
1126 3602 1247 3669 Volk

78 3710 1024 3798 soweit‚soweituu1·fiokgeseizthot?”

623 3889 697 3953 XII.

121 4061 197 4128 Hor.
221 4065 324 4146 Epist.
350 4065 375 4142 Ι,
403 4068 431 4142 Ι,
457 4067 500 4130 49
524 4089 633 4150 seqq.:

97 4187 99 4195 ’
213 4177 311 4252 »Quis
336 4179 460 4243 oiroum
485 4202 585 4266 pegus
609 4184 641 4242 et
664 4182 781 4245 oiroum
806 4183 944 4265 compita
965 4206 1097 4272 pugnax

208 4291 328 4378 Magna
352 4293 497 4356 coronari
525 4295 708 4358 contemnat
732 4293 889 4379 Olympia,
915 4297 967 4360 eui
990 4320 1070 4382 spes,
