3122 5130
847 669 891 731 34'

281 857 396 918 tamen
431 850 557 916 exarsit
586 849 688 914 'cuius
722 869 793 913 non
827 845 893 909 nisi
928 846 1081 931 aequatis
1117 843 1249 909 iuribus
1273 845 1354 911 finis
1384 847 1479 912 fuit.

282 965 398 1029 Huius
438 963 633 1028 certaminis
667 960 795 1047 duplex
830 958 895 1022 fuit
929 957 1024 1024 ratio.
1071 958 1270 1023 Ditissinrus
1307 960 1481 1046 quisque

282 1078 372 1144 inter
405 1075 555 1162 plebeios
588 1074 772 1161 asperrime
809 1070 947 1152 ferebat,
973 1071 1065 1156 quod
1091 1072 1253 1157 quamvis
1276 1072 1415 1158 opibus
1445 1081 1484 1138 et

284 1190 389 1277 copiis
424 1188 580 1254 afflueret
613 1210 684 1253 non
719 1185 785 1251 nisi
817 1185 951 1249 minuto
986 1184 1059 1249 iure
1100 1189 1182 1250 erat.
1229 1183 1482 1271 Pauperiores

284 1309 402 1370 contra
424 1323 495 1368 non
518 1307 590 1366 tam
612 1301 688 1365 iura
700 1298 774 1385 ipsa
786 1296 993 1384 appetebant
1005 1297 1224 1383 quamomni
1234 1299 1478 1365 contentione

284 1414 514 1494 elaborabant,
540 1420 579 1478 ut
601 1413 645 1478 ad
666 1411 845 1478 meliorem
867 1411 958 1477 vitae
971 1410 1210 1476 condicionem
1223 1413 1476 1496 pervenirent,

287 1529 379 1616 quod
402 1527 486 1593 adeo
509 1527 661 1614 primum
685 1532 757 1591 erat
779 1531 883 1589 utne
909 1523 952 1589 ab
968 1523 1036 1589 illis
1059 1524 1229 1590 discedere
1243 1525 1389 1611 quidem
1407 1549 1476 1593 eos

286 1641 475 1725 paeniteret
520 1639 707 1705 dummodo
742 1638 831 1704 hane
866 1636 1145 1723 adipiscerentur.
1205 1639 1281 1704 Hoc
1304 1637 1474 1707 dilucide

287 1760 428 1840 apparet
460 1776 504 1819 ex
532 1754 574 1818 iis
598 1774 685 1840 quae
709 1752 828 1818 Livius
851 1756 967 1816 narrat
990 1750 1031 1815 de
1055 1750 1189 1836 legibus
1212 1772 1233 1816 a
1256 1751 1293 1817 Ο.
1321 1751 1472 1819 Licinio

287 1874 321 1932 et
365 1868 403 1933 L.
439 1867 556 1933 Sextio
590 1865 737 1931 tribunis
771 1863 1018 1951 promulgatis:
1054 1865 1253 1951 „Apparuit
1289 1886 1379 1952 quae
1418 1890 1471 1933 ex

288 1980 512 2067 promulgatis
534 1979 636 2066 plebi,
662 2001 748 2066 quae
763 1977 929 2044 latoribus
941 1977 1089 2061 gratiora
1102 1983 1224 2043 essent.
1237 2000 1320 2043 nam
1333 1979 1375 2044 de
1388 1981 1470 2047 fae·

288 2116 368 2160 nore
393 2100 495 2181 atque
526 2115 610 2178 agro
624 2093 816 2177 rogationes
828 2090 1002 2172 iubebant,
1017 2091 1059 2156 de
1073 2090 1206 2176 plebeio
1219 2091 1358 2158 consule
1371 2095 1469 2160 anti-

289 2207 472 2293 quabant.''
499 2205 524 2292 1)
548 2208 692 2292 Propter
712 2205 777 2270 hoc
789 2205 971 2291 praecipue
984 2203 1272 2289 litigabaturante
1285 2227 1424 2272 annum
1432 2231 1466 2274 a.

288 2342 320 2386 u.
342 2342 370 2385 0.
396 2321 459 2385 305
484 2319 529 2406 (p.
544 2319 623 2385 Chr.
638 2341 671 2384 n.
686 2317 774 2405 449),
787 2317 920 2403 legibus
933 2317 1116 2383 duodecim
1127 2317 1325 2384 tabularum
1336 2323 1470 2387 consti-

287 2435 369 2498 tutis
405 2433 449 2498 ad
482 2433 566 2498 iuris
600 2432 846 2518 aequationem
879 2431 989 2516 magis
1023 2431 1241 2518 pertinebant
1265 2433 1469 2518 rogationes

287 2549 514 2614 tribunorum.
562 2544 587 2631 ²)
646 2544 788 2632 Saepius
834 2545 939 2612 etiam
985 2544 1029 2610 ad
1062 2566 1201 2612 causam
1235 2547 1468 2632 patriciorum

287 2662 424 2726 ditiores
458 2660 547 2724 inter
581 2657 730 2744 plebeios
765 2680 799 2723 se
834 2658 1030 2724 adiunxisse
1066 2656 1092 2745 3)
1121 2659 1291 2741 videntur,
1316 2663 1466 2747 quando

286 2775 351 2840 hoc
375 2774 444 2838 suis
467 2771 655 2837 rationibus
678 2771 828 2836 maxime
853 2773 1041 2837 conducere
1066 2771 1323 2858 intellegebant.
1355 2774 1463 2852 Quod

286 2910 339 2956 100
362 2887 471 2971 magis
494 2884 686 2971 implicatas
709 2884 881 2950 reddebat.

332 2999 545 3066 Monendum
590 2998 726 3064 videtur
770 2999 890 3084 priscis
935 2999 1003 3064 illis
1039 3000 1250 3086 temporibus
1285 3022 1466 3069 annorum

286 3113 513 3199 digestionem
525 3133 661 3197 prorsus
674 3133 744 3176 esse
757 3112 934 3177 incertam.
949 3113 996 3178 Ut
1009 3113 1168 3199 exemplo
1182 3120 1267 3179 utar.
1281 3115 1465 3193 Quamdiu

286 3226 494 3314 Tarquinius
516 3225 613 3305 vixit,
639 3232 774 3290 auctore
798 3226 896 3291 Livio
918 3225 1011 3311 plebi
1036 3247 1057 3291 a
1080 3227 1288 3312 primoribus
1302 3248 1462 3308 „summa

287 3363 349 3428 ope
384 3338 589 3405 inservitum
623 3339 726 3419 crat'',
762 3339 788 3424 4)
824 3349 891 3425 quo
927 3346 1063 3404 mortuo
1087 3339 1224 3426 plebem
1247 3341 1284 3404 in
1305 3362 1460 3408 summas

286 3452 461 3538 angustias
495 3451 678 3516 deductam
702 3453 864 3517 continuo
888 3453 925 3516 in
949 3460 1103 3518 montem
1126 3475 1262 3519 sacrum
1284 3455 1457 3521 secessisse

285 3568 378 3632 idem
423 3565 542 3631 Livius
575 3570 691 3629 narrat
703 3587 710 3645 ;
750 3564 845 3630 nullo
883 3564 988 3650 igitur
1022 3566 1124 3632 modo
1158 3567 1311 3652 intellegi
1344 3574 1457 3655 potest

286 3678 423 3768 quando
458 3677 598 3743 tandem
632 3676 704 3744 eius
726 3679 881 3745 condicio
907 3679 991 3744 adeo
1015 3679 1052 3744 in
1076 3680 1232 3765 peiorem
1255 3688 1390 3766 partem
1412 3683 1457 3748 sit

284 3815 391 3861 versa.
415 3792 486 3857 Nec
499 3791 628 3856 mirum
639 3791 729 3858 viros
741 3792 954 3879 antiquitatis
966 3793 1195 3879 peritissimos,
1209 3794 1414 3877 Mommsen,
1431 3797 1454 3884 ὅ)

320 3978 337 4038 1)
362 3979 416 4026 Liv.
435 3978 475 4034 Vl,
494 3977 533 4033 39,
553 3976 575 4034 1,
594 3976 617 4025 2.

317 4061 336 4122 1)
363 4061 399 4108 Cf.
420 4056 532 4121 Schwegl.
551 4059 580 4104 R.
599 4057 628 4105 G.
646 4057 670 4106 ll
690 4074 744 4122 pag.
763 4059 810 4115 34;
830 4059 935 4107 Momms
962 4060 983 4107 R
1012 4060 1040 4107 G.
1060 4060 1082 4107 Ι8
1102 4076 1153 4124 pag.
1172 4061 1220 4114 287
1238 4079 1284 4126 seq.

316 4143 337 4203 ³)
363 4142 416 4190 Liv.
442 4141 476 4197 Il,
504 4141 525 4197 1,
554 4140 600 4197 10;
627 4140 668 4197 1v,
696 4141 735 4198 48,
764 4142 811 4197 15;
848 4143 887 4197 53,
914 4143 947 4199 4;
971 4142 1011 4198 110,
1030 4143 1061 4199 7;
1079 4146 1122 4191 etc.
1146 4145 1182 4193 Cf.
1205 4144 1312 4208 Schwcgl
1337 4147 1366 4195 R.
1385 4149 1415 4197 G.
1433 4149 1457 4198 Π

282 4243 334 4292 pag.
354 4226 386 4274 20
396 4244 402 4282 ;
420 4224 532 4273 Μο011110.
550 4222 578 4270 R.
598 4222 626 4270 G.
645 4221 666 4270 1⁸
685 4239 736 4286 pog.
754 4223 811 4280 268,
829 4223 885 4275 287.

316 4311 334 4370 ⁴)
352 4308 405 4358 Liv.
423 4308 455 4365 ll,
474 4306 513 4363 21,
532 4305 554 4353 6.

317 4391 335 4453 6)
361 4391 390 4439 lt.
409 4390 436 4438 G.
454 4389 478 4439 1⁸
494 4387 547 4452 pag.
566 4387 623 4435 269.
