3040 5134
857 599 921 668 134

298 775 405 854 τριβήν
431 799 506 838 τινα·
529 785 651 840 πολλῶν
672 779 735 856 γὰρ
754 775 828 853 πρὸς
848 777 905 846 τὰς
926 777 980 838 ἀπ’
998 775 1086 838 αὐτοῦ
1106 774 1230 848 ἐλπίδας
1253 774 1455 852 ἐλευθερωθέν-

298 904 369 956 των,
380 881 557 963 ἀντιγραφήν
567 905 659 964 σφων,
672 883 750 954 ὅπως
760 883 789 944 ’ἐν
799 903 834 943 τε
844 885 950 961 κόσμῳ
961 881 1010 945 nal
1019 879 1049 942 ἓν
1060 881 1145 962 τάξει
1156 882 1209 941 τινὶ
1220 873 1464 952 carolomanno,

298 987 432 1058 ἠθέλησε
451 989 647 1054 πάσασθαι·
669 986 701 1050 οὐ
721 987 780 1064 μὴν
800 986 881 1048 ἀλλὰ
903 993 991 1048 τοῦτο
1013 983 1069 1063 μὲν
1087 995 1126 1075 τῇ
1146 1007 1181 1046 τε
1201 985 1305 1047 ἑαυτοῦ
1325 983 1455 1066 capiqual

299 1087 332 1154 ἐκ
358 1097 410 1151 τοῦ
433 1093 571 1164 πλήθους
591 1099 644 1154 τοῦ
664 1097 747 1154 σίτου
768 1093 834 1173 ῥᾷόν
855 1115 918 1162 πως
938 1093 1091 1171 debenus?
1115 1092 1137 1167 ¹)
1183 1093 1348 1179 Pompeio
1363 1093 1453 1171 ellim,

300 1209 339 1270 ut
372 1204 459 1270 nihil
493 1204 588 1272 aliud
625 1227 729 1294 quam
761 1227 931 1273 novorum
954 1206 1084 1273 civium
1107 1206 1249 1272 nomina
1276 1207 1313 1271 in
1337 1204 1455 1272 tabulas

300 1319 449 1397 referret,
496 1319 690 1386 mehercule
739 1341 809 1387 non
855 1341 941 1406 opus
978 1325 1051 1386 erat
1088 1341 1234 1406 ,magna
1267 1318 1451 1407 sapientia'’,

300 1452 363 1499 nec
409 1453 479 1499 non
524 1454 658 1500 moram
703 1433 734 1499 ei
779 1432 919 1501 allatam
964 1431 1174 1500 minutulam
1219 1432 1322 1498 fuisse
1360 1431 1455 1498 mani·

301 1546 426 1611 fastum
459 1546 528 1612 esti
564 1545 611 1612 At
633 1547 705 1613 sine
731 1545 835 1613 dubio
859 1546 995 1612 fraudes
1020 1546 1206 1633 reprimere
1230 1553 1371 1613 conatus
1393 1565 1452 1611 esse

297 1657 442 1746 ideoque
477 1659 718 1747 accipientium
752 1681 936 1726 numerum
971 1659 1188 1746 aliquantum
1210 1659 1372 1725 minuisse
1395 1657 1452 1724 exi-

298 1771 489 1838 stimandus
510 1778 571 1840 est.
618 1773 719 1853 Quod
741 1773 846 1840 etiarn
869 1773 950 1839 hinc
974 1772 1127 1858 intellegi
1152 1771 1242 1838 licet.
1262 1773 1374 1838 ¹Anno
1397 1771 1450 1837 692
1513 1841 1514 1844 ¹

298 1885 358 1973 qui
392 1886 430 1952 in
452 1885 617 1954 frumenti
640 1886 769 1973 publici
785 1890 923 1974 'partem
945 1885 1215 1953 admittebantur
1238 1907 1300 1973 pro
1324 1883 1451 1971 siugulis

297 1999 420 2066 modiis
447 2022 546 2068 senos
568 2001 655 2068 aeris
678 2006 712 2066 et
735 2001 875 2068 trientes
898 1998 1088 2082 solvebant,
1114 2021 1205 2066 anno
1229 2001 1295 2066 698
1319 2018 1451 2066 —cum

296 2111 354 2179 lex
380 2113 500 2182 Clodia
522 2115 592 2180 iam
615 2113 818 2182 valebat-
841 2115 1056 2180 frumentum
1077 2113 1149 2180 sine
1173 2112 1244 2179 ullo
1269 2114 1375 2200 pretio
1397 2110 1451 2178 dis

281 2225 520 2294 tribuebatur.
566 2226 617 2293 Ac
640 2234 757 2295 tamen
780 2227 871 2294 illius
893 2228 977 2295 anni
998 2227 1173 2312 impendio
1195 2249 1289 2293 anno
1312 2228 1373 2293 698
1393 2246 1450 2290 non

296 2340 363 2408 nisi
385 2341 520 2408 tertiam
543 2348 677 2428 partem
699 2342 852 2408 additam
882 2363 952 2408 esse
969 2348 1110 2430 apparet
1126 2363 1366 2428 summamque
1380 2347 1450 2405 tunc

297 2453 399 2522 fuisse
434 2454 493 2520 HS
529 2454 740 2542 quadragies.
764 2455 790 2542 ²)
838 2456 922 2523 Mox
955 2462 1082 2538 tamen,
1119 2461 1159 2521 ut
1191 2455 1228 2520 in
1261 2451 1451 2522 turbulentis

296 2566 517 2655 temporibus,
541 2589 661 2635 corum
680 2570 740 2656 qui
751 2569 969 2655 largitionem
981 2570 1192 2636 adfectarent
1203 2569 1317 2635 denuo
1330 2573 1451 2634 tantum

1513 2583 1515 2696 l

296 2681 404 2748 crevit
437 2703 612 2760 numerus,
648 2689 687 2749 ut
720 2704 879 2771 oppresso
915 2683 1066 2772 partium
1100 2682 1212 2750 studio
1237 2682 1361 2748 Caesar
1381 2699 1450 2747 eum
1512 2717 1513 2724 κ

295 2795 571 2863 circumscribere
606 2818 740 2863 necesse
775 2796 926 2864 haberet.
972 2797 1082 2863 Testis
1115 2801 1166 2863 est
1196 2795 1379 2862 Suetonius
1400 2790 1450 2880 qui

295 2930 368 2975 rem
391 2909 429 2974 iu
451 2909 545 2976 hunc
569 2909 711 2976 modum
735 2916 870 2979 narrat:
898 2911 1112 2992 ,Recensum
1135 2909 1255 2996 populi
1279 2930 1343 2977 nee
1367 2926 1449 2974 more

295 3043 358 3088 nec
391 3021 465 3089 loco
498 3022 605 3104 solito,
640 3023 699 3090 sed
734 3025 873 3090 vicatim
903 3045 965 3112 per
988 3023 1145 3089 dominos
1166 3022 1359 3089 insularum
1381 3019 1450 3106 egit,

295 3142 398 3222 atque
421 3157 465 3201 ex
488 3136 612 3222 viginti
635 3138 861 3226 trecentisque
886 3136 1025 3204 milibus
1048 3136 1291 3224 accipientium
1315 3139 1452 3203 frumen·

296 3255 372 3316 tum
405 3271 424 3316 e
455 3248 593 3337 publico
616 3250 821 3318 aduentum
846 3251 1098 3339 quinquaginta
1121 3251 1264 3318 retraxit
1276 3274 1284 3333 ;
1308 3250 1336 3340 ⁸)
1359 3272 1396 3318 ac
1417 3269 1452 3314 ne

297 3362 357 3450 qui
391 3362 473 3429 novi
503 3371 618 3429 coetus
647 3365 852 3431 recensionis
875 3387 976 3432 causa
1000 3364 1130 3432 moveri
1158 3365 1366 3453 quandoque
1388 3382 1454 3452 pos·

296 3480 380 3558 sent,
416 3475 572 3560 instituit,
609 3483 692 3565 quot
730 3478 829 3545 annis
863 3479 900 3544 in
925 3479 1184 3570 demortuorum
1206 3479 1324 3546 locum
1346 3476 1453 3552 exiis,

298 3590 358 3678 qui
391 3590 521 3658 recensi
554 3612 624 3658 non
659 3597 779 3672 essent,
815 3591 1009 3660 subsortitio
1043 3615 1064 3660 a
1098 3599 1253 3681 praetore
1281 3593 1408 3660 fieret.''
1432 3590 1454 3674 ⁴)

331 3773 351 3832 1)
385 3772 431 3821 Dio
448 3773 513 3823 Cass.
530 3773 639 3833 XXXIX,
656 3774 697 3833 24,
716 3773 738 3830 l,
756 3773 779 3823 2.
814 3774 868 3836 (ad.
886 3773 1034 3833 Boisseraiu)

330 3853 350 3914 ¹)
383 3855 421 3905 cf.
439 3856 517 3921 Mnrq.
535 3856 552 3906 l.
570 3856 587 3906 l.
605 3873 660 3905 oum
676 3857 731 3905 adn.
750 3859 773 3906 4.

330 3939 351 3998 ¹)
384 3939 420 3988 lex
444 3939 498 3989 Isin.
524 3940 576 3990 Per.
603 3940 665 3990 CXV
690 3944 754 4005 patet
777 3941 832 3990 haec
858 3938 929 3988 verbe
954 3955 1002 3988 non
1018 3955 1069 3988 esse
1085 3938 1259 4003 interpretenda
1276 3955 1331 3988 cunr
1349 3939 1456 3988 liudberto

298 4022 603 4087 nonnullisquevcteribun
620 4051 652 4062 ·-
670 4029 696 4072 ut
713 4023 865 4088 Oudendorp,
882 4024 1008 4082 Ruhnken,
1026 4023 1097 4080 Wolf,
1131 4023 1401 4086 &augum-Crusius
1415 4033 1456 4061 -2

299 4105 421 4170 „deductis
446 4105 540 4155 mrcater
564 4112 654 4156 centem
672 4107 844 4172 quinquaqinta
862 4106 955 4157 militur
971 4108 1037 4157 nediu
1054 4111 1146 4157 nanim
1162 4106 1316 4170 septuaqn‘nta
1331 4107 1356 4154 in
1374 4104 1457 4155 abeas

296 4205 354 4238 rue
369 4187 488 4246 reaua,’'
506 4189 546 4238 ned
561 4217 592 4226 -
601 4191 665 4254 quod
673 4192 721 4239 fere
729 4206 810 4240 omnes
819 4191 957 4242 recentiores
967 4191 1049 4242 iubent
1057 4219 1088 4228 —-
1099 4211 1104 4239 ε
1116 4206 1181 4254 „ean
1190 4193 1262 4238 antea
1271 4193 1375 4239 amenta
1384 4185 1458 4253 nn'qind

296 4272 364 4322 mitia
381 4271 534 4336 acceptarent,
555 4273 603 4322 iane
620 4290 668 4324 non
685 4274 734 4323 nisi
750 4281 840 4326 aenum
858 4275 1028 4342 quinquaqinta
1045 4275 1138 4324 milibus
1157 4272 1306 4324 distribuit?

331 4355 351 4419 ⁴)
385 4355 448 4407 Suet.
465 4354 513 4406 Iul.
526 4355 567 4406 41.
