3122 5130
830 547 871 610 62

266 735 460 816 comparate
495 727 523 792 si
558 725 742 813 quaeritur,
776 724 907 790 Romae
932 725 1024 790 cibos
1047 724 1155 811 pluris
1178 725 1308 791 stetisse
1334 747 1449 811 quam

268 845 305 908 in
329 850 439 909 cetera
462 840 562 906 Italia
585 838 640 905 vel
664 840 701 903 in
725 838 895 924 Hispania
918 838 1016 903 facile
1040 837 1132 903 credi
1155 844 1274 924 potest.

314 957 420 1042 Saepe
455 962 572 1019 tamen
607 953 785 1038 scriptores
820 951 1034 1016 mentionem
1068 951 1198 1016 faciunt
1221 951 1262 1016 de
1299 953 1449 1035 frugum

269 1070 395 1156 inopia,
430 1064 697 1153 tempestatibus
732 1062 900 1130 similibus
928 1063 1038 1146 rebus,
1064 1087 1151 1150 quae
1175 1087 1332 1130 annonae
1357 1066 1449 1130 cari-

271 1190 378 1249 tatem
400 1182 524 1247 inferre
549 1177 575 1266 ¹)
598 1176 775 1264 plebisque
798 1176 915 1241 turbas
938 1177 1085 1242 excitare
1110 1177 1272 1243 solebant.
1299 1177 1446 1244 atvero

272 1304 354 1362 tunc
378 1301 466 1360 certe
490 1314 570 1359 cum
593 1291 791 1357 Romanum
813 1290 997 1375 imperium
1020 1291 1162 1356 florebat
1174 1291 1333 1356 Caesares
1345 1313 1448 1378 prae-

272 1411 400 1477 cavisse
424 1407 585 1473 videntur
608 1427 650 1470 ne
675 1404 786 1470 Roma
808 1403 890 1468 urbs
913 1404 1061 1468 nimium
1086 1404 1204 1469 damni
1216 1405 1295 1470 inde
1309 1412 1448 1470 contra-

274 1524 379 1589 heret.
403 1520 427 1597 Ι)
464 1517 640 1586 Nonnulla
673 1517 833 1604 exempla
867 1517 1018 1582 afferam.
1044 1518 1094 1582 De
1119 1517 1255 1583 Tiberio
1279 1519 1445 1584 Tacitus:

277 1635 482 1718 „Saevitiam
515 1654 670 1698 annonae
705 1633 882 1697 incusante
906 1631 1005 1717 plebe
1030 1632 1147 1696 statuit
1170 1632 1343 1696 frumento
1367 1654 1450 1716 pre-

234 1760 236 1764 '
274 1753 371 1833 tium,
408 1748 500 1836 quod
523 1755 656 1834 emptor
679 1747 851 1832 penderet,
876 1745 1043 1832 binosque
1067 1767 1228 1811 nummos
1251 1768 1284 1812 se
1309 1746 1450 1811 additu-

308 2015 325 2074 ¹)
343 2014 396 2061 Tac.
415 2013 478 2060 Anu.
496 2009 542 2065 ΙΙΙ,
563 2010 608 2056 54:
637 2011 685 2072 „at
702 2007 798 2056 hercule
814 2024 883 2056 nemo
900 2009 979 2064 refert,
997 2007 1060 2071 quod
1078 2007 1149 2055 Italia
1166 2010 1274 2055 externae
1283 2007 1334 2070 opis
1343 2007 1450 2072 indiget,

272 2100 334 2164 quod
361 2097 409 2144 vita
435 2094 517 2158 populi
549 2093 649 2140 Romani
675 2109 716 2156 per
742 2093 831 2140 incerta
859 2092 930 2140 maris
957 2095 980 2140 et
1005 2094 1172 2155 tempestatum
1198 2091 1285 2139 cotidie
1310 2091 1450 2140 volvitur.'’

273 2183 334 2232 Ibid.
353 2181 407 2236 llll,
426 2179 473 2226 43:
511 2177 632 2241 „tragum
649 2191 740 2238 quoque
757 2179 843 2238 egestas
860 2180 883 2223 et
900 2179 951 2224 orta
968 2191 996 2223 ex
1014 2191 1040 2222 eo
1058 2176 1131 2222 fames
1148 2175 1174 2222 in
1193 2175 1329 2238 prodigium
1342 2175 1450 2238 accipie·

274 2265 367 2314 batur.”
387 2263 465 2311 Ibid.:
486 2259 644 2324 „Quindecim
662 2258 754 2306 dierum
772 2257 886 2307 alimenta
903 2258 965 2314 urbi,
983 2275 1032 2306 nou
1049 2257 1152 2321 amplius
1169 2259 1311 2322 superfuisse
1328 2259 1450 2316 constitit,

273 2363 403 2412 magnaque
421 2347 489 2392 deum
507 2342 652 2404 benignitate
669 2345 692 2388 et
709 2341 821 2388 modestia
838 2341 924 2389 hiemis
942 2341 1011 2388 rebus
1028 2341 1138 2388 extremis
1156 2340 1305 2389 subventum.
1316 2345 1340 2388 at
1349 2341 1451 2390 hercule

274 2433 332 2480 olim
357 2429 428 2478 Italia
445 2425 578 2484 legionibus
596 2424 737 2486 longinquas
754 2424 780 2472 in
798 2424 931 2487 provincias
948 2427 1092 2473 commeatus
1109 2423 1223 2487 portabat,
1242 2439 1285 2472 nec
1301 2440 1366 2472 nunc
1382 2425 1450 2473 infe·

275 2515 395 2564 canditate
420 2510 547 2565 laboratur,
565 2507 604 2554 sed
622 2507 727 2554 Africam
746 2507 823 2570 potius
840 2511 862 2555 et
880 2509 1015 2572 Aegyptum
1032 2523 1165 2555 exercemus
1181 2507 1327 2570 navibusque
1344 2511 1367 2554 et
1384 2509 1451 2557 casi-

273 2599 318 2646 bus
337 2596 385 2644 vita
402 2591 485 2657 populi
504 2590 605 2638 Romani
623 2590 736 2652 permissa
753 2589 812 2637 est.’'
847 2591 913 2653 Quin
931 2591 1001 2638 etiarn
1014 2590 1134 2638 interdurn
1144 2591 1230 2637 famem
1239 2590 1310 2638 fuisse
1319 2591 1451 2654 scriptores

274 2681 378 2728 tradunt.
398 2677 433 2724 Cf.
452 2677 543 2738 praeter
561 2673 636 2720 Taciti
655 2671 733 2720 locum
749 2673 816 2720 modo
834 2672 955 2722 laudatum
974 2673 1036 2720 Suet.
1056 2673 1118 2720 Nero
1137 2675 1181 2728 453
1200 2673 1316 2736 Spartiau.
1328 2673 1448 2723 Hadrian.

276 2765 323 2821 213
350 2759 451 2823 Capitol.
475 2759 563 2806 Auton.
581 2754 640 2802 Pius
658 2756 688 2812 e;
707 2755 742 2803 ld.
762 2756 797 2803 M.
816 2758 872 2803 Ant.
890 2755 1028 2818 Philosoph.
1048 2755 1061 2802 8
1081 2760 1124 2804 etc.
1149 2755 1211 2803 Haec
1228 2755 1352 2804 sufficiant.
1371 2756 1451 2806 Plura

276 2848 330 2895 vide
355 2843 417 2908 apud
442 2839 530 2889 Friedl.
550 2837 566 2885 l.
585 2837 601 2885 l.
621 2855 672 2901 pag.
692 2839 723 2885 34
742 2855 804 2901 seqq.
824 2838 923 2902 Copiose
942 2839 1074 2886 Radbertus
1092 2839 1148 2898 (Zur
1166 2839 1240 2902 Frage
1250 2838 1290 2887 des
1299 2837 1451 2889 Sachwerths

275 2931 315 2979 des
333 2927 417 2976 Geldes
434 2925 469 2972 im
490 2921 631 2976 llterthum,
650 2921 675 2968 in
693 2921 790 2969 Jahrbb.
809 2923 825 2969 t.
837 2921 1018 2970 Nationaldkon.
1029 2938 1051 2969 u.
1062 2922 1152 2970 Stetist.
1164 2923 1218 2969 XIV
1230 2922 1323 2983 (1870),
1333 2938 1384 2986 pag.
1397 2923 1449 2973 357

276 3015 349 3076 seqq.)
367 3011 455 3058 efficere
472 3009 567 3056 conatus
584 3008 618 3051 est
635 3004 766 3066 antiquitus
783 3021 899 3053 annonam
917 3004 993 3053 multo
1012 3005 1085 3067 magis
1095 3005 1207 3053 variatam
1221 3021 1349 3068 essequam
1357 3008 1451 3054 uostris

275 3094 428 3159 temporibus.
465 3089 541 3138 Aliter
566 3091 644 3136 tamen
672 3087 803 3135 Mommsen
825 3089 851 3135 a.
872 3088 899 3135 G.
918 3089 942 3136 1⁸
960 3104 1011 3151 pag.
1031 3087 1077 3134 841
1096 3088 1166 3135 adn:
1203 3087 1350 3151 „Uebrigeus
1367 3089 1451 3137 diirfte

276 3196 300 3227 es
317 3178 371 3227 sehr
388 3173 528 3224 zweifelhaft
544 3173 602 3229 sein,
621 3170 651 3218 ob
668 3171 693 3217 in
712 3171 764 3218 dem
783 3172 844 3218 Rom
861 3171 936 3218 dieser
954 3172 1002 3218 und
1019 3170 1061 3218 der
1072 3174 1179 3233 spateren
1194 3170 1245 3218 Zeit
1255 3171 1293 3218 die
1303 3172 1452 3234 Kompreise

276 3261 386 3311 wirklicb
403 3258 493 3308 starker
509 3256 658 3320 geschwaakt
675 3255 756 3310 haben,
775 3254 809 3302 als
827 3255 876 3302 dies
893 3254 1031 3318 heutzutage
1047 3254 1088 3302 der
1105 3254 1157 3302 Fall
1171 3255 1209 3302 ist.
1246 3254 1451 3317 Vergleichtman

276 3346 356 3394 Praise
380 3343 425 3390 wie
451 3341 488 3388 die
514 3339 572 3387 oben
598 3339 753 3402 augeldhrtcn
780 3355 826 3385 von
844 3340 859 3384 4
878 3339 926 3386 und
946 3338 960 3389 7
979 3339 1019 3385 Gr.
1038 3337 1083 3384 deu
1103 3337 1264 3401 preussiscbeu
1283 3337 1382 3385 Sebettel
1403 3340 1452 3387 mit

276 3431 351 3478 denen
370 3427 411 3474 der
428 3428 520 3487 drgsten
538 3422 758 3486 Kriegstheuerung
777 3422 824 3469 und
843 3421 1019 3484 Huugersnuth,
1037 3436 1072 3467 wo
1090 3437 1144 3468 zum
1162 3419 1265 3483 Beispicl
1284 3421 1318 3468 im
1330 3421 1451 3469 hanniba-

276 3512 366 3560 lischen
384 3507 469 3570 Kriege
486 3507 527 3554 der
544 3521 633 3569 preuss.
651 3504 749 3552 Scheffel
767 3505 808 3552 auf
823 3504 854 3550 99
873 3505 895 3564 (l
915 3504 1083 3570 Medimuos?
1103 3504 1132 3551 15
1154 3503 1303 3551 Drachmen:
1323 3503 1407 3566 Polyb.
1427 3507 1451 3563 9,

277 3597 326 3655 44),
343 3594 377 3640 im
396 3589 565 3654 Biirgerkriege
583 3589 625 3636 atri
642 3588 688 3635 198
707 3587 730 3647 tl
750 3586 880 3634 Medius:
898 3589 911 3633 5
930 3588 1036 3635 Denare:
1056 3587 1104 3635 Cic.
1128 3585 1193 3634 Verr.
1213 3587 1235 3642 3,
1246 3586 1285 3642 92,
1296 3586 1361 3646 214),
1371 3587 1395 3634 iu
1409 3588 1454 3636 der

275 3693 371 3741 grosseu
389 3674 531 3736 Theueruug
548 3677 617 3720 unter
634 3673 754 3734 Augustus
770 3686 811 3734 gar
828 3672 870 3718 auf
886 3670 934 3718 218
953 3671 1072 3718 Groscheu
1089 3672 1112 3730 (ὅ
1132 3668 1327 3732 Moatizavt.
1338 3670 1452 3718 Denare:

280 3761 365 3809 Euseb.
393 3760 470 3807 chron.
493 3773 519 3820 p.
548 3755 599 3803 aar.
619 3755 633 3806 Ι
651 3755 723 3814 Scal.)
741 3754 807 3817 alleg,
825 3771 849 3801 so
865 3755 897 3802 ist
914 3755 955 3802 der
972 3754 1079 3802 Abstand
1096 3753 1189 3802 freilich
1207 3753 1357 3811 angeheuer3
1374 3752 1454 3802 allein

279 3843 357 3892 solche
383 3843 493 3890 Extreme
519 3839 573 3886 sind
598 3837 674 3900 wenig
699 3836 826 3884 belebrend
853 3837 901 3884 und
918 3837 1023 3885 kdnnten
1041 3837 1101 3884 uach
1119 3836 1203 3883 beiden
1222 3835 1300 3883 Seiten
1317 3836 1362 3882 hin
1381 3840 1456 3884 anter

278 3927 386 3992 gleicheu
404 3924 573 3986 Bedingungcu
591 3920 651 3969 auch
667 3920 737 3968 heute
754 3919 814 3967 noch
832 3919 882 3968 sich
899 3919 1081 3968 wiederholeu.''

312 4016 331 4077 ²)
356 4013 437 4062 strabo
462 4012 491 4070 V,
517 4011 540 4069 7,
566 4010 594 4057 de
619 4008 676 4056 urbe
702 4009 790 4056 Roma:
820 3999 924 4081 ηὲφὰνη
945 4001 1093 4077 συνδρομή
1113 4024 1157 4070 τις
1178 4001 1306 4076 ἀγαθῶν
1326 4001 1455 4060 ἅπασαν

280 4101 389 4182 εὐφυΐαν
416 4098 660 4173 ὑπερβάλλουσα,
682 4095 716 4154 δι’
732 4099 765 4162 ἣν
785 4095 832 4156 ἐπὶ
852 4103 992 4157 τοσοῦτον
1013 4095 1176 4176 αὐξηθεῖσα
1197 4099 1215 4163 ἡ
1236 4097 1322 4164 πόλις
1332 4095 1457 4176 ἀντέχει

279 4203 369 4258 τοῦτο
390 4193 446 4274 μὲν
466 4200 558 4280 τροφῇ
580 4236 707 4250 .....
710 4191 726 4215 ”
757 4201 792 4248 Ex
819 4201 990 4249 nonnullorum
1016 4201 1110 4264 quidem
1137 4201 1255 4264 opinione,
1278 4200 1316 4246 cui
1332 4216 1375 4247 cur
1391 4215 1459 4248 arre-

279 4297 364 4348 damus
395 4311 443 4344 uon
469 4293 546 4350 video,
563 4304 599 4338 res
616 4287 800 4353 multopeiores
818 4292 884 4337 eraut
902 4305 971 4353 quarn
990 4289 1166 4336 exauctoribus
1184 4288 1291 4352 intellegi
1309 4291 1393 4352 potest.
1422 4289 1462 4337 lta
