3122 5130
877 587 897 650 6

301 767 428 853 nicipia
463 763 622 832 omnibus
645 763 801 851 partibus
824 764 973 829 Romam
995 765 1224 848 imitarentur,
1247 767 1318 832 iam
1340 760 1475 827 intelle-

301 881 393 966 gitur
427 900 498 945 non
531 877 643 943 solum
678 878 807 943 Romae
844 879 1091 944 verumetiam
1113 877 1242 965 ubique
1264 879 1303 943 in
1324 876 1472 963 imperio

301 993 459 1059 Romano
494 1013 574 1057 cum
608 989 743 1077 publice
767 996 843 1054 tum
866 1011 886 1054 a
908 991 1051 1076 privatis
1073 990 1257 1078 multiplici
1281 990 1413 1057 ratione
1437 995 1471 1054 et

301 1105 441 1172 utilitati
478 1111 513 1170 et
546 1103 715 1190 voluptati
748 1103 868 1190 populi
902 1103 1003 1169 fuisse
1037 1111 1265 1190 prospectum.
1311 1103 1398 1168 Inde
1437 1124 1472 1167 o-

302 1219 392 1284 mnis
415 1218 548 1303 generis
572 1237 674 1303 opera
697 1224 799 1302 atque
827 1216 981 1282 aedificia
1004 1216 1149 1303 publicis
1162 1217 1279 1282 usibus
1293 1215 1471 1294 destinata,

301 1338 340 1396 ut
362 1330 515 1412 balneae,
539 1329 678 1416 templa,
702 1329 861 1414 porticus,
886 1330 1028 1410 theatra,
1054 1330 1171 1410 stadia,
1185 1337 1315 1416 pontes,
1329 1328 1471 1407 similia;

301 1444 380 1509 inde
419 1443 595 1528 magnifici
620 1442 704 1522 ludi,
734 1441 864 1528 epulae,
896 1443 961 1508 olei
984 1443 1150 1508 frumenti
1173 1464 1400 1508 nummorum
1425 1441 1473 1506 di-

301 1557 527 1638 stributiones,
584 1555 803 1623 invitationes
854 1577 897 1620 ex
942 1556 1045 1622 variis
1091 1556 1312 1622 sollemnibus
1361 1555 1472 1620 causis

301 1671 369 1736 fact
355 1676 418 1751 t,ae
466 1669 542 1734 alia.
611 1669 786 1754 Imprimis
831 1669 899 1734 huc
945 1669 1122 1734 referenda
1169 1675 1249 1733 sunt
1275 1668 1469 1754 sepulturae

301 1783 375 1849 loca
410 1783 547 1870 publico
581 1783 658 1847 usui
694 1783 777 1848 dest'
754 1789 872 1848 ttama
930 1782 1162 1866 Collegiorum
1199 1802 1336 1868 quoque
1375 1781 1470 1848 varia

302 1895 494 1984 frequentia
554 1897 651 1961 mult
629 1903 671 1960 trs
721 1895 933 1962 munificent
910 1902 976 1961 trae
1022 1917 1142 1960 ansam
1187 1895 1385 1976 afferebant,
1432 1901 1470 1958 ut

302 2031 397 2076 cum·
417 2010 559 2095 collegia
593 2009 781 2096 patrocinio
817 2008 1041 2095 locupletium
1071 2014 1257 2088 uterentur,
1282 2029 1367 2094 quos
1390 1993 1468 2073 sane

304 2123 438 2208 saepius
473 2123 500 2187 si
535 2144 606 2188 non
642 2121 728 2208 pari,
764 2127 799 2186 at
833 2128 929 2205 grato
954 2129 1071 2187 tamon
1094 2143 1235 2186 munere
1259 2121 1469 2187 remunerari

304 2235 483 2302 debebant.
529 2235 571 2300 In
607 2235 661 2298 his
697 2232 858 2318 collegiis,
896 2256 982 2320 quae
1009 2235 1193 2300 Caesarum
1215 2257 1296 2300 cum
1319 2235 1468 2299 maxime

303 2355 412 2415 aetate
436 2347 613 2428 florebant,
639 2347 744 2413 etiam
766 2369 877 2433 pauca
898 2349 1042 2433 vestigia
1064 2349 1281 2435 reperiuntur
1292 2347 1470 2414 cuiusdam

303 2484 413 2542 curae,
451 2483 556 2549 quam
590 2461 762 2526 tenuiores
797 2461 955 2527 homines
990 2462 1080 2527 inter
1114 2485 1147 2528 se
1182 2460 1364 2528 habebant.
1412 2463 1470 2527 Pe-

303 2577 421 2642 cunias
455 2575 610 2640 enimin
635 2595 818 2640 commune
843 2575 1071 2656 conserebant,
1096 2576 1186 2642 unde
1211 2575 1354 2641 mortuis
1377 2575 1470 2641 soda-

303 2687 394 2754 libus
417 2689 507 2753 iusta
530 2687 813 2774 persolverentur.
861 2689 908 2754 At
931 2695 1064 2775 praeter
1086 2689 1173 2755 illud
1192 2689 1289 2776 quasi
1301 2689 1470 2754 aerarium

298 2799 483 2883 Libitinae,
520 2807 654 2889 praeter
689 2808 803 2868 coetus
838 2803 936 2868 certis
970 2802 1180 2888 temporibus
1203 2803 1314 2882 initos
1337 2807 1471 2888 practer

304 2914 527 3000 collegiorum
561 2937 655 2980 sacra
684 2915 863 2981 sollemnia
885 2916 1053 2997 convivia,
1079 2916 1231 2981 eiusdem
1255 2914 1390 2999 collegii
1414 2916 1470 2980 ho·

305 3028 415 3094 mines
438 3029 498 3094 vix
520 3027 591 3093 ulla
615 3029 771 3093 utilitatis
794 3029 1034 3094 communione
1059 3029 1175 3095 sociati
1198 3034 1304 3095 erant.

350 3141 511 3208 Vidimus
545 3147 583 3205 ut
615 3141 746 3206 nobiles
780 3141 889 3227 plebis
923 3141 1097 3208 desideriis
1131 3141 1272 3228 obsequi
1299 3141 1469 3208 deberent.

306 3254 353 3319 At
377 3275 459 3319 non
471 3254 586 3318 minus
609 3253 705 3339 plebs
729 3254 878 3320 obnoxia
892 3262 964 3320 erat
950 3254 1156 3320 tnobilibus
1181 3256 1305 3320 Moneo
1318 3255 1359 3320 de
1372 3254 1471 3320 chen

306 3365 406 3448 tibus,
434 3368 493 3452 qui
517 3389 635 3432 omnes
658 3367 988 3451 indignitatostforre
1013 3375 1106 3434 ooact
1108 3369 1119 3432 i
1135 3375 1278 3449 erin
1279 3368 1471 3454 sportulis

304 3480 440 3565 aliaque
478 3478 643 3545 beneficia
678 3481 859 3561 aufe1·t,ren
837 3482 1045 3567 tprofecto
1081 3482 1194 3565 gravis
1222 3479 1347 3546 alboris
1373 3503 1470 3567 saepe

305 3593 408 3657 nimis
432 3615 580 3678 parvum
602 3593 761 3678 pretium.

348 3706 399 3771 Ne
434 3704 582 3771 mendici
619 3707 758 3792 quidem
781 3707 911 3772 Romae
935 3708 1083 3788 deerant,
1111 3708 1170 3794 qui
1193 3707 1316 3793 stipem
1339 3705 1471 3791 collige-

302 3826 378 3886 rent
414 3842 434 3885 a
469 3820 773 3906 praetereuntibus,
806 3821 865 3886 sed
888 3821 1078 3885 maximam
1101 3827 1235 3906 partem
1259 3825 1356 3885 erant
1379 3841 1470 3906 pere·

302 3932 411 4017 grini:
437 3955 516 4000 vere
540 3933 714 3999 Romanos
738 3934 966 3999 mendicando
989 3934 1105 4000 vivere
1127 3925 1287 4018 pudebat.
1313 3931 1337 4019 ¹)

345 4046 466 4113 Unum
511 4052 613 4112 restat
646 4054 838 4113 memoratu
863 4047 1112 4132 dignissimum,
1151 4047 1243 4140 quod
1276 4046 1320 4111 ad
1353 4067 1469 4112 veram

335 4307 352 4368 1)
371 4307 407 4356 Oi.
425 4305 510 4370 Pauly,
528 4306 716 4372 Rcal-Encycl.
735 4323 753 4354 s.
772 4323 795 4355 v.
812 4305 937 4356 mendicus.
