3122 5130
847 657 889 720 4⁴3

282 837 373 905 tibus
396 856 536 922 operam
558 832 884 900 suamlocaverant.
932 834 1019 899 Cum
1044 839 1161 899 autem
1185 833 1275 900 servi
1294 834 1466 921 undique

282 971 326 1015 ex
349 947 507 1014 subiectis
529 946 627 1012 terris
649 945 798 1012 Romam
819 945 1034 1028 ducerentur,
1055 946 1332 1012 utebantursauc
1346 947 1466 1012 ctiam

281 1061 532 1140 mercennariis,
561 1081 661 1139 ,cum
672 1059 893 1125 conducticiis
904 1059 1093 1126 liberorum
1105 1060 1216 1146 operis
1228 1082 1281 1126 res
1293 1061 1462 1142 maioreS,

280 1181 318 1244 ut
364 1173 556 1242 vindemias
597 1194 636 1238 ac
681 1173 864 1254 faenisicia,
901 1172 1255 1261 administre(re)nt'';
1284 1171 1307 1260 ¹)
1343 1181 1377 1239 at
1419 1175 1463 1240 in

279 1288 450 1375 plerisque
485 1285 644 1373 operibus
678 1285 847 1373 paulatim
881 1285 1005 1352 liberos
1039 1306 1203 1371 agrorum
1232 1286 1377 1352 cultores
1405 1289 1462 1353 di-

280 1401 462 1467 mittebant
495 1400 728 1486 coemptisque
763 1399 909 1465 servitiis
944 1399 1138 1481 utebantur,
1171 1421 1214 1464 ne
1237 1401 1398 1484 ingenuis
1427 1403 1457 1466 si

280 1521 465 1595 uterentur,
490 1513 631 1578 militiae
654 1534 756 1579 causa
779 1513 815 1577 hi
839 1513 881 1578 ab
906 1535 1006 1600 opere
1023 1521 1262 1580 avocarentur..
1282 1514 1308 1601 9)
1326 1515 1457 1601 Neque

281 1628 392 1695 solum
425 1629 462 1692 in
496 1627 629 1692 rusticis
663 1626 772 1707 rebus
796 1627 854 1692 sed
877 1627 981 1692 etiarn
1004 1626 1202 1709 inertibus
1230 1649 1316 1715 quae
1340 1650 1457 1694 manu

279 1748 481 1822 constarent,
516 1740 615 1807 liberi
650 1761 771 1827 operae
807 1762 827 1805 a
855 1740 1001 1806 servitiis
1025 1739 1327 1807 submovebantur.
1374 1742 1456 1808 Nec

279 1857 416 1937 mirum,
451 1877 531 1920 cum
565 1852 700 1919 servilia
723 1853 911 1918 ministeria
932 1853 1025 1918 haud
1048 1853 1150 1919 dubie
1171 1854 1283 1920 multo
1306 1855 1457 1921 minoris

279 1969 445 2058 parabilia
486 1975 605 2048 essent,
643 1988 799 2053 quaeque
835 1966 952 2032 usibus
987 1968 1225 2032 Romanorum
1259 1971 1456 2035 necessaria

279 2090 399 2165 essent,
435 2089 603 2170 quatenus
637 2102 707 2146 non
746 2102 886 2167 peregre
909 2080 1164 2163 inveherentur,
1191 2083 1406 2148 commodius
1433 2107 1456 2149 a

279 2197 424 2265 servitiis
446 2196 567 2263 confici
589 2200 735 2281 possent.
781 2194 893 2259 Immo
913 2215 956 2258 ex
979 2195 1133 2276 servitiis,
1148 2216 1234 2282 quae
1246 2195 1342 2263 velut
1353 2197 1455 2264 tabes

279 2319 352 2378 erat
374 2308 596 2396 antiquitatis
620 2306 717 2372 facile
737 2308 901 2392 repetitur
924 2308 1107 2394 praecipua
1123 2330 1233 2390 causa,
1256 2331 1317 2374 cur
1329 2332 1453 2396 operas

280 2423 473 2512 praebendo
496 2423 604 2488 vitam
620 2427 734 2486 tenere
751 2442 874 2506 parum
886 2421 1070 2486 honestum
1082 2422 1272 2489 duceretur.
1296 2422 1322 2510 3)
1346 2425 1452 2502 Quod

280 2538 380 2626 plane
404 2542 547 2603 testatur
568 2535 685 2600 Cicero
709 2533 755 2621 4);
784 2533 1020 2621 „Opificesque
1045 2557 1167 2602 omnes
1178 2537 1215 2601 in
1227 2538 1363 2604 sordida
1375 2545 1450 2604 arte

280 2656 478 2730 versantur;
513 2670 576 2714 nec
610 2648 703 2713 enim
738 2648 925 2734 quicquam
958 2649 1150 2733 ingenuum
1188 2631 1313 2717 habere
1337 2657 1451 2738 potest

281 2765 447 2832 officina.''
474 2763 497 2851 ⁵)

301 2913 332 2974 =¹)
358 2912 429 2960 Varro
446 2910 474 2959 R.
492 2909 520 2957 R.
537 2908 557 2966 I,
576 2907 614 2965 17,
633 2907 655 2955 2.

312 2998 332 3059 ²)
348 2998 450 3062 Appian.
469 2996 529 3045 l.l.:
551 2993 604 3064 ,(οί
633 2988 776 3063 πλούσιοι)
809 2989 896 3048 πεδία
922 2989 1025 3065 μακροί
1050 2989 1115 3050 ἀντὶ
1140 2998 1252 3071 χωρίων
1272 2989 1449 3069 ἐγεώργουν,

279 3086 396 3157 ὠνητοῖς
416 3083 446 3154 ἐς
464 3083 540 3145 αὐτὰ
559 3094 703 3160 γεωργοῖς
723 3083 770 3148 καί
791 3085 911 3160 ποιμέσι
931 3095 1076 3165 χρώμενοι
1086 3094 1139 3147 τοῦ
1149 3087 1192 3163 μὴ
1202 3089 1271 3159 τούς
1281 3088 1452 3166 ἐλευθέρους

277 3180 306 3252 ἐς
334 3182 390 3252 τὰς
416 3185 576 3256 στρατείας
601 3177 663 3240 ἀπὸ
690 3188 745 3249 τῆς
773 3185 921 3255 γεωργίας
949 3190 1110 3257 περισπᾶν,
1141 3185 1281 3264 φερούσης
1307 3188 1373 3263 ἅμα
1401 3191 1451 3251 καί

280 3279 373 3344 τῆσδε
404 3286 458 3346 τῆς
482 3278 616 3345 κτήσεως
636 3273 733 3346 αὐτοῖς
750 3275 829 3335 πολὺ
849 3277 951 3351 κέρδος
972 3275 1004 3340 ἐκ
1026 3280 1222 3350 πολυπαιδίας
1243 3285 1449 3356 ἓεραπὲντων,

280 3375 434 3444 ἀκινδύνως
454 3371 619 3454 αύξομένων
638 3369 684 3430 διὰ
704 3371 761 3440 τὰς
781 3371 969 3446 ἀστρατείας.
993 3371 1053 3432 ἀπὸ
1068 3371 1100 3434 δὲ
1111 3377 1223 3435 τούτων
1234 3381 1259 3435 οί
1268 3375 1324 3454 μὲν
1334 3379 1452 3441 δυνατοί

281 3473 415 3549 πάμπαν
444 3467 615 3542 ἐπλούτουν,
648 3467 696 3530 καί
725 3466 761 3526 τὸ
792 3475 851 3527 τῶν
880 3471 1075 3543 θεραπόντων
1095 3471 1181 3545 γένος
1200 3471 1255 3532 ἁνά
1275 3474 1329 3539 τὴν
1350 3479 1452 3556 χώραν

281 3566 426 3640 ἐπλήθυε,
458 3562 526 3634 τούς
556 3563 582 3624 δ’
614 3563 789 3633 Ἰταλιώτας
809 3561 950 3638 ὀλιγότης
970 3566 1018 3626 καί
1038 3565 1194 3642 δυσανδρία
1215 3573 1448 3647 κατελάμβανε,

282 3649 481 3743 τρυχομένους
510 3664 594 3740 πενίᾳ
625 3677 660 3718 τε
680 3658 729 3720 καί
749 3655 882 3738 ἐσφοραῖς
902 3660 950 3722 καὶ
970 3666 1146 3735 στρατείαις.
1170 3665 1194 3722 εί
1210 3661 1242 3724 δὲ
1262 3667 1311 3727 καί
1331 3673 1450 3748 σχολά-

281 3779 361 3820 σειαν
381 3752 441 3818 ἀπὸ
460 3756 584 3828 τούτων,
607 3751 654 3814 ἐπ’
675 3752 783 3829 ἀργίας
805 3753 985 3839 διετίθεντο,
1003 3765 1058 3824 τῆς
1077 3766 1137 3832 γῆς
1157 3758 1213 3819 ύπέ
1234 3769 1292 3820 τῶν
1302 3769 1451 3825 πλουσίων

281 3855 435 3937 ἐχομένης,
455 3850 505 3916 καί
524 3859 667 3926 γεωργοῖς
688 3849 845 3930 χρωμένων
860 3851 1041 3925 θεράπουσιν
1051 3852 1117 3913 ἀντί
1130 3852 1318 3931 ἐλευθέρωνΡ
1331 3867 1367 3916 Cf.
1378 3869 1451 3917 etiam

281 3953 346 4002 Plut.
372 3950 425 3999 Tib.
451 3947 548 3996 Gracch.
575 3948 597 4004 8,
624 3949 647 3994 4.
682 3945 717 3994 De
734 3946 778 3994 hac
795 3962 819 3994 rc
837 3947 891 3994 vide
909 3947 985 4011 Marq.
1004 3949 1057 3998 StV.
1076 3950 1099 3997 1²
1117 3968 1167 4015 pag.
1188 3952 1251 4011 104;
1269 3955 1381 4004 Prinna
1398 3973 1452 4022 pag.

283 4036 347 4093 lah
364 4033 434 4097 Voigt
451 4031 468 4080 l.
486 4030 503 4078 l.
520 4045 572 4095 pag.
591 4029 639 4077 368
657 4045 719 4093 seqq.

314 4119 335 4181 ³)
365 4117 421 4166 Non
446 4114 514 4164 aliter
539 4111 674 4188 iudicabant
698 4111 789 4170 Graeci,
818 4112 880 4175 quod
906 4113 996 4176 copiose
1021 4115 1087 4164 docet
1112 4117 1243 4178 Drumann,
1268 4121 1376 4171 Arbeitcr
1402 4127 1454 4175 und

281 4200 468 4258 Communisten
485 4213 537 4263 pag.
556 4195 587 4243 23
604 4211 668 4259 seqq-

315 4287 334 4347 ⁴)
351 4285 387 4334 Dc
404 4283 451 4332 off.
468 4281 489 4341 1,
506 4280 547 4338 42,
566 4278 621 4327 150.

319 4377 337 4439 ι)
364 4375 400 4424 (tf.
427 4370 498 4420 etiem
515 4369 586 4418 Dion.
605 4367 646 4425 IX,
665 4366 704 4422 25,
723 4365 753 4413 2:
781 4357 885 4429 ,ούδενί
905 4359 967 4436 γὰρ
986 4359 1054 4442 ἐξῆν
1077 4364 1226 4443 Ῥωμαίων
1237 4368 1302 4430 ούτε
1313 4374 1456 4445 κάπηλον
