3084 5128
681 1871 801 1918 PARS
835 1870 1047 1928 QUARrA.

320 2080 446 2161 Quid
478 2079 698 2147 fecerint
732 2079 830 2167 ipsi
866 2099 1109 2165 pauperes
1143 2077 1196 2143 ad
1231 2082 1423 2145 statum

593 2213 728 2258 suum
762 2190 1136 2258 sublevandum.

326 2420 406 2488 Una
439 2425 543 2486 restat
576 2418 748 2486 movenda
782 2417 946 2505 quaestio,
979 2417 1020 2484 de
1045 2417 1242 2483 tenuiorum
1267 2417 1460 2484 hominum

282 2538 404 2600 mutuo
428 2532 567 2598 auxilio.
613 2533 655 2598 In
678 2532 858 2597 Prooemio
883 2529 908 2618 ¹)
933 2531 1002 2597 iam
1029 2531 1147 2596 monui
1170 2530 1340 2596 eiusmodi
1353 2551 1462 2598 cures

283 2668 392 2735 pauca
425 2652 560 2713 tantum
597 2645 740 2730 vestigia
772 2645 923 2731 reperiri,
958 2644 1063 2731 idque
1098 2645 1134 2709 in
1169 2642 1330 2728 collegiis,
1364 2666 1460 2731 quae

282 2761 466 2828 Caesarum
503 2781 584 2826 cum
617 2758 769 2824 maxime
802 2763 911 2824 aetate
945 2757 1122 2824 florebant.
1193 2757 1294 2823 Hanc
1331 2779 1459 2824 curam

281 2872 384 2961 paulo
422 2872 621 2958 diligentius
654 2872 805 2958 itemque
840 2871 1050 2958 perbreviter
1084 2892 1255 2957 exponere
1288 2870 1354 2936 hoo
1379 2870 1459 2938 loeo

249 3007 252 3012 ⁴
282 2987 369 3053 mihi
391 2993 441 3053 est
463 2986 688 3072 propositum.

325 3101 553 3187 Imperatores
586 3098 743 3180 Romani,
779 3105 816 3163 ul
846 3097 996 3185 plurima
1021 3098 1184 3184 variaque
1207 3095 1352 3182 collegia
1375 3118 1459 3163 oon·

281 3213 418 3278 firmare
452 3233 522 3277 non
545 3211 779 3297 gravabantur
805 3211 842 3297 l),
867 3213 914 3278 ita
937 3211 1006 3293 illa,
1031 3232 1119 3299 quae
1144 3233 1187 3278 no
1212 3211 1256 3277 ed
1276 3210 1458 3278 seditiosos

281 3332 396 3392 coetus
419 3325 548 3391 coirent
572 3325 787 3408 verebantur,
811 3327 938 3412 pariter
961 3326 1153 3413 opprimere
1166 3322 1366 3412 pergebant.
1412 3325 1457 3390 In

281 3438 335 3505 his
368 3438 429 3505 vix
465 3437 624 3504 videntur
658 3439 807 3524 posuisse
842 3439 974 3524 collegio
1002 3439 1193 3520 tenuiorum,
1218 3458 1306 3525 quae
1332 3437 1454 3505 dicun·

281 3558 346 3618 tur.
392 3551 493 3630 Quod
527 3551 651 3617 docent
684 3551 752 3618 duo
775 3551 841 3618 looi
865 3575 882 3618 o
906 3552 1065 3637 Digestis,
1092 3572 1241 3638 quorum
1268 3549 1356 3617 alter
1380 3558 1452 3619 est:

283 3664 474 3759 „Mendetis
508 3664 754 3751 principalibus
788 3666 996 3752 praecipitur
1020 3664 1232 3752 praesidibus
1256 3665 1452 3751 provincia·

280 3802 368 3862 rum,
393 3801 436 3846 ne
459 3779 634 3866 patiantur
658 3801 727 3846 esse
752 3778 894 3864 collegia
917 3779 1078 3846 sodalicia
1100 3800 1187 3846 neve
1212 3777 1340 3845 milites
1353 3778 1452 3846 colle·

279 3894 336 3980 gia
369 3894 405 3958 in
440 3893 557 3960 castris
588 3892 747 3959 habeant.
772 3893 831 3959 sed
852 3893 1063 3980 permittitur
1086 3891 1301 3959 tenuioribus
1324 3893 1448 3980 stipem

278 4013 492 4074 menstruam
527 4007 689 4088 conferre,
725 4007 811 4072 dum
844 4013 960 4074 tamen
984 4005 1090 4074 semel
1113 4007 1150 4071 in
1173 4027 1289 4072 mense
1313 4012 1444 4086 coeant,

278 4143 321 4187 ne
366 4119 429 4187 sub
476 4125 655 4206 praetextu
694 4120 892 4187 huiusmodi
925 4120 1086 4188 illicitum
1120 4117 1304 4204 collegium
1340 4126 1444 4188 coeat.

279 4257 471 4270 ---

312 4326 332 4387 ¹>
365 4340 418 4390 rte·
437 4326 459 4375 ⁶·

309 4407 650 4474 ommmma
