3040 5134
870 599 933 666 106

310 771 400 838 vires
422 771 619 841 subiciendo
642 776 752 863 ipsam
775 777 888 863 legem
910 778 1071 865 expleret,
1097 798 1166 864 qua
1188 780 1321 842 creatus
1344 777 1434 840 esset.
1448 770 1468 858 ¹)

311 885 454 953 Calvino
489 895 528 953 ut
558 889 595 954 in
618 889 693 956 aliis
715 889 816 957 rebus
839 891 957 958 multis
979 892 1027 957 ita
1049 892 1086 956 in
1108 892 1172 956 isto
1195 911 1332 978 quoque
1355 909 1467 973 genere

310 999 453 1066 debetur
486 1001 561 1068 laus
598 1004 690 1090 quod
723 1005 871 1071 rationes
894 1006 1005 1072 acrius
1027 1005 1201 1092 perspexit
1223 1011 1257 1070 et
1280 1009 1395 1069 contra
1416 1001 1466 1066 tri-

310 1118 386 1178 tum
419 1113 503 1180 illud
536 1117 667 1183 mediae
698 1117 817 1205 (quarn
840 1118 971 1206 dicunt)
995 1119 1114 1184 aetatis
1135 1139 1288 1184 namnam
1309 1137 1467 1182 nummum

276 1269 279 1274 -
309 1249 374 1292 nea
394 1230 484 1314 parit
507 1228 532 1315 ²)
555 1231 739 1316 pecuniam
761 1239 850 1298 recte
875 1233 1012 1298 faenore
1036 1231 1195 1318 occupari
1219 1230 1379 1296 defendit.
1401 1227 1426 1314 ³)

355 1339 519 1407 Attamen
552 1344 740 1410 tenendum
775 1346 970 1411 societatem
1000 1346 1137 1412 civilem
1160 1345 1350 1431 antiquitus
1375 1342 1464 1425 longe

310 1453 408 1520 aliter
442 1455 545 1520 fuisse
567 1458 816 1524 conformatam
838 1466 941 1546 atque
965 1459 1100 1526 Caluini
1123 1457 1178 1525 vel
1202 1458 1327 1523 nostris
1349 1463 1465 1541 tempo·

310 1566 413 1633 ribus
460 1567 643 1656 Multiplex
667 1593 848 1658 operarum
871 1573 1026 1654 varietas,
1052 1572 1268 1639 officinarum
1292 1591 1391 1657 opera
1412 1569 1465 1632 im·

310 1682 436 1747 mensis
459 1683 585 1750 finibus
607 1685 784 1772 descripta,
809 1686 927 1752 crebra
949 1685 1088 1753 vincula
1111 1685 1275 1765 exsoluta,
1301 1703 1464 1772 quaeepe-

310 1816 384 1860 ram
414 1797 587 1863 astrictam
610 1798 772 1864 tenebant
796 1838 838 1848 -—
861 1799 897 1865 in
921 1800 975 1864 his
997 1800 1167 1886 imprimis
1190 1798 1407 1883 cogitandum
1429 1795 1463 1859 de

310 1910 470 1976 servitute
507 1911 640 1978 sublata
674 1951 727 1994 —,
765 1913 859 1994 fides,
897 1914 1057 2000 quamvis
1091 1935 1162 1978 non
1196 1933 1334 1998 prorsus
1359 1911 1464 1994 ignota

308 2024 467 2110 antiquis,
492 2046 585 2091 nunc
609 2027 646 2091 in
670 2026 816 2092 sublime
833 2027 1009 2112 fastigium
1028 2027 1125 2106 elata,
1139 2046 1267 2110 magna
1279 2023 1463 2110 competito-

308 2159 387 2202 rum
410 2139 603 2221 aemulatio,
631 2141 743 2206 nescio
758 2163 844 2228 quae
859 2140 934 2223 alia,
949 2141 1097 2206 nimium
1110 2146 1280 2226 quantum
1294 2138 1462 2205 valuerunt

310 2252 353 2317 ad
388 2252 504 2318 omnia
540 2253 710 2320 novanda.
759 2255 860 2338 ¹Quod
898 2255 991 2320 idem
1024 2254 1065 2319 de
1089 2253 1318 2340 pecuniarum
1344 2251 1460 2316 ratione

310 2365 516 2431 dicendum:
553 2366 637 2431 haec
673 2357 841 2453 ipsa'iam
864 2368 999 2454 pridem
1022 2388 1159 2454 prorsus
1182 2372 1232 2432 est
1255 2368 1460 2431 commutata.
1512 2425 1513 2430 ,

355 2479 487 2545 Divites
521 2480 580 2566 qui
608 2502 701 2546 nune
725 2488 805 2546 sunt
828 2503 905 2546 suas
928 2481 1042 2567 copias
1065 2481 1101 2546 in
1125 2480 1236 2546 omnis
1259 2479 1391 2565 generis
1412 2496 1462 2562 pu-

310 2591 415 2657 blicas
454 2594 671 2680 privatasque
705 2595 853 2672 rationes
885 2596 1074 2673 conferunt,
1110 2601 1148 2659 ut
1181 2601 1274 2659 certa
1309 2591 1463 2679 quaedam
1511 2663 1512 2684 χ

311 2727 389 2791 pars
427 2705 514 2771 lucri
550 2707 593 2772 ad
616 2707 706 2794 ipses
729 2699 907 2774 ¹redundet.
944 2708 1095 2774 Pecunia
1113 2708 1241 2774 credita
1264 2709 1338 2794 ipsa
1361 2724 1462 2770 senon

344 2911 362 2972 ¹)
380 2914 461 2961 Genea.
479 2914 498 2970 I,
517 2914 557 2962 28.

342 2995 361 3055 ι’)
379 2997 414 3044 De
431 2997 520 3044 mediae
537 3013 592 3045 vero
609 2997 692 3045 aetatis
708 2997 799 3045 ratione
816 2998 845 3046 cf.
863 3014 915 3061 pag.
935 2997 981 3048 107
999 2998 1052 3045 adn.
1072 2997 1094 3045 2.
1510 2949 1511 3025 1

342 3079 362 3139 ³)
380 3080 467 3127 Locum
485 3096 531 3142 quo
549 3080 664 3128 Calvinus
678 3079 801 3143 praecipue
818 3081 912 3144 scripsit
930 3081 958 3127 de
972 3081 1015 3128 hac
1033 3097 1057 3128 re
1067 3079 1175 3127 invenias
1184 3079 1208 3126 in
1219 3078 1322 3127 editione
1331 3092 1398 3141 quam
1407 3087 1463 3120 cura·

307 3165 394 3212 verunt
411 3163 487 3210 Baum
505 3163 590 3211 Cunitr
605 3164 679 3211 Reuss
688 3162 741 3210 Vol.
751 3164 779 3221 X,
791 3164 803 3211 1
814 3163 854 3211 ubi
865 3164 891 3210 in
900 3163 1081 3227 Qnaesticnibns
1090 3162 1282 3224 Iuridicisagens
1291 3161 1328 3209 De
1336 3159 1410 3208 amris
1417 3157 1464 3203 haer

309 3245 369 3294 dicit
386 3249 446 3310 (pag.
458 3245 530 3304 217)ι
550 3245 599 3309 „La
616 3245 694 3293 raison
712 3246 739 3294 de
757 3246 833 3294 sainct
850 3246 979 3309 Ambrcyse
996 3245 1099 3310 laquelle
1122 3245 1184 3293 aussi
1206 3245 1306 3306 pretend
1315 3243 1464 3305 chrysostome

308 3332 343 3377 est
359 3333 413 3392 trop
430 3329 527 3377 irivolle
542 3345 555 3376 a
567 3345 622 3377 mon
631 3329 764 3391 ingement:
774 3331 878 3378 ascavcir
886 3346 932 3392 que
941 3330 1034 3392 largent
1042 3329 1175 3392 nengendre
1184 3328 1253 3391 point
1262 3327 1361 3390 largent.
1378 3325 1408 3373 La
1418 3336 1464 3375 mer,

309 3412 393 3475 quoy?
410 3411 433 3459 la
451 3415 517 3467 terre,
527 3428 589 3476 quoy
599 3412 610 3459 1
627 3412 652 3460 Ie
667 3413 741 3460 recois
752 3413 847 3475 pensiori
858 3413 889 3460 du
900 3413 982 3475 lcuage
992 3414 1019 3461 de
1028 3412 1126 3460 maison.
1144 3412 1187 3459 Est
1204 3427 1229 3457 ce
1239 3425 1325 3472 pource
1334 3425 1378 3473 que
1386 3406 1465 3468 largent

310 3511 325 3558 y
343 3495 435 3543 croistl
453 3494 516 3542 Mais
533 3494 590 3544 elles
607 3496 732 3559 procedent
749 3496 789 3545 dea
811 3497 907 3560 chnmps
924 3497 969 3544 dou
988 3496 1079 3560 largent
1096 3511 1120 3542 se
1140 3495 1202 3542 saict.
1225 3485 1464 3542 Lacommoditeaussi

311 3578 351 3626 des
376 3578 480 3626 maisons
506 3595 530 3625 se
555 3583 622 3642 peust
647 3580 779 3644 raschepter
805 3597 847 3644 par
871 3597 967 3644 pecune.
985 3579 1018 3628 nt
1035 3579 1117 3642 quoy?
1134 3577 1245 3640 L'argent
1261 3579 1314 3624 nest
1332 3575 1350 3623 il
1368 3590 1406 3638 pas
1422 3571 1466 3634 plus

310 3661 434 3709 fructneux
451 3675 475 3708 es
492 3661 672 3718 marchandises,
689 3679 735 3725 que
752 3662 863 3710 aulcunes
881 3663 1022 3726 possessicns
1055 3678 1118 3725 quon
1136 3660 1244 3724 pourroit
1260 3659 1331 3707 dire?
1350 3688 1465 3706 ......

312 3744 391 3792 Certes
417 3744 438 3791 ie
464 3745 566 3792 confessa
592 3761 617 3792 ce
642 3762 688 3808 qua
705 3745 739 3793 les
755 3747 836 3794 enfans
854 3749 947 3810 voyent,
965 3745 1068 3793 aseavoir
1083 3761 1127 3808 qne
1145 3745 1165 3791 si
1184 3759 1241 3791 vous
1258 3743 1373 3790 enlermes
1389 3737 1467 3798 largent

311 3844 341 3876 au
365 3829 435 3876 coffre
461 3827 480 3875 il
505 3844 555 3876 sera
578 3827 665 3876 sterile.
699 3829 731 3877 Et
755 3845 824 3893 aussy
841 3829 885 3877 nul
902 3832 1041 3893 nempronte
1059 3829 1087 3876 de
1104 3844 1164 3876 nous
1181 3843 1194 3874 a
1212 3829 1272 3874 ceste
1289 3825 1407 3873 condition
1422 3819 1466 3867 affin

311 3910 364 3973 quil
389 3911 511 3975 supprime
536 3911 628 3974 largent
653 3927 739 3975 oyseux
756 3915 779 3960 et
797 3928 850 3960 sans
867 3913 889 3960 le
906 3913 964 3961 scire
981 3913 1092 3975 proffiter.
1127 3911 1236 3974 Parquoy
1255 3908 1277 3956 le
1295 3908 1355 3956 fruit
1371 3909 1419 3954 nest
1435 3915 1467 3965 112⁵
1506 3899 1507 3971 )

313 3993 341 4040 de
366 3993 457 4057 largent
482 3993 541 4041 maia
566 3994 598 4041 du
616 3994 728 4042 revenn.''
764 3995 788 4043 Si
807 3995 882 4043 mavis
901 3995 1032 4044 versionem
1058 3994 1175 4049 Latinam,
1196 3992 1320 4040 invenitur
1337 3991 1363 4039 in
1380 3986 1467 4037 editione

312 4075 435 4140 Schipperi
454 4077 539 4137 (Amat.
559 4075 640 4135 1667),
657 4076 701 4124 vol
727 4078 768 4134 IX,
787 4078 863 4142 Epist.
881 4082 905 4126 et
922 4078 1034 4141 Respona.
1052 4094 1104 4141 pag.
1123 4077 1171 4124 223
1187 4092 1232 4138 seq.
1242 4075 1279 4123 De
1289 4073 1382 4122 Calvini
1392 4065 1466 4118 iudicio
1505 4079 1506 4112 l

312 4158 341 4205 cl.
367 4159 439 4206 etiam
465 4159 627 4215 Wiskemann‚
653 4158 764 4208 Darstell.
789 4161 830 4209 der
855 4162 881 4210 in
899 4161 1020 4209 Deutschl.
1038 4176 1081 4208 zur
1097 4161 1147 4208 Zeit
1164 4160 1205 4207 der
1232 4157 1359 4206 reformat.
1377 4148 1465 4201 herrsrh·

315 4241 481 4290 nationaliikon
507 4242 637 4292 Ansichten
659 4245 752 4304 (1861),
774 4259 825 4308 pag.
849 4245 880 4293 80
906 4260 970 4307 seq.;
991 4244 1138 4300 Endemann,
1161 4242 1262 4290 Studien
1279 4242 1306 4288 in
1323 4241 1363 4288 der
1380 4247 1465 4285 roman·-

312 4323 430 4372 kanonist.
449 4325 632 4376 Wirthschalts-
652 4344 675 4376 u.
693 4327 851 4383 Rechtslelrre,
869 4326 921 4375 Vol.
939 4325 951 4376 I
969 4326 1053 4388 (1874)
1071 4343 1122 4390 pag.
1142 4325 1181 4372 41.
1504 4385 1505 4443 1
