3040 5134
585 617 648 687 195

79 799 130 864 Ex
152 797 215 866 hoc
237 798 312 865 loco
334 797 476 886 aliisque
499 799 735 888 compluribus
759 799 916 867 videmus
934 797 1046 866 varias
1059 817 1197 884 quoque

42 934 86 978 res
117 913 219 979 iactas
242 913 344 978 luisse
368 914 403 979 in
427 913 606 1001 populum,
630 915 678 980 ita
702 914 843 1000 quidem
865 926 905 978 ut
928 917 988 978 aut
1010 911 1084 998 ipsa
1107 911 1197 977 dona

41 1033 268 1111 spargerentur
302 1032 361 1092 aut
393 1033 498 1094 sortes
533 1027 703 1114 quaedam
727 1028 798 1093 sive
822 1033 964 1092 tesserae
999 1024 1124 1111 quibus
1148 1025 1198 1090 in·

42 1139 155 1225 scripta
177 1144 273 1205 erant
298 1161 442 1206 munera
457 1139 550 1227 plebi
562 1162 706 1207 cessura.
745 1141 878 1207 Horum
893 1161 1076 1208 munerum
1089 1137 1198 1204 maxi-

42 1273 90 1316 ma
109 1259 180 1317 erat
202 1253 358 1319 varietas.
397 1253 623 1320 Donabantur
648 1255 742 1321 enim
766 1255 957 1341 praeseutia
981 1251 1144 1333 absentia,
1171 1247 1197 1336 ¹)

43 1364 184 1448 vulgaria
216 1366 365 1451 insignia
400 1389 439 1433 eo
475 1389 560 1449 rara,
585 1367 758 1434 esculenta
781 1366 954 1434 animalia.
1002 1363 1197 1453 Cupiditate

43 1480 180 1563 provecti
206 1479 307 1544 multi
330 1486 426 1547 tanto
452 1481 584 1567 impetu
608 1481 644 1546 in
668 1481 792 1548 iactata
815 1480 905 1546 dona
928 1479 1135 1559 ferebantur,
1160 1483 1199 1543 ut

43 1591 87 1656 vel
123 1593 210 1658 vitae
250 1592 441 1679 periculum
472 1594 656 1661 exsisteret.
682 1593 709 1679 2)
755 1595 876 1680 Itaque
911 1593 1199 1681 prudentissimus

43 1705 172 1792 quisque
197 1728 323 1791 magno
347 1729 453 1793 parva
476 1713 630 1774 constare
653 1707 771 1788 sciens,
795 1707 1042 1795 cumprimum
1055 1725 1199 1772 munera

43 1818 145 1885 induci
184 1819 331 1900 videbat,
371 1842 391 1885 a
425 1821 557 1887 theatro
589 1820 752 1906 fugiebat.
788 1821 814 1903 3)
860 1821 907 1886 At
941 1821 1025 1887 haec
1061 1840 1198 1905 quoque

43 1932 265 1999 munificentia
298 1933 427 2019 optime
450 1933 686 2016 illustrabitur,
711 1935 739 1999 si
762 1953 807 2000 ex
830 1933 912 2021 ipsis
936 1954 1050 2000 rerum
1075 1931 1199 1998 Roma-

44 2065 152 2111 narum
176 2046 372 2112 auctoribus
395 2045 571 2134 aliquanto
594 2047 693 2134 plura
716 2046 876 2134 exempla
900 2047 1121 2134 proferamus.

80 2158 148 2224 lam
194 2159 384 2245 antiquitus
425 2161 522 2241 cicer,
561 2161 649 2240 faba,
697 2160 808 2248 lupini
851 2159 894 2226 ab
929 2160 970 2226 iis
1004 2159 1065 2246 qui
1100 2157 1199 2224 ludos

45 2269 179 2338 Florales
213 2271 432 2355 exhibebant,
468 2273 639 2340 dabantur
674 2279 708 2340 et
745 2273 993 2361 spargebantur
1015 2273 1053 2337 in
1077 2271 1202 2356 vulgus

48 2383 100 2461 „ad
127 2383 286 2472 plausum
309 2393 342 2452 et
365 2386 517 2453 favorem
537 2387 657 2474 populi
669 2386 911 2475 captandum.''
936 2387 961 2474 ⁴)
988 2385 1089 2467 Quod
1100 2385 1203 2471 largi-

46 2495 132 2564 tionis
167 2519 276 2584 genus
313 2521 393 2567 cum
427 2521 518 2568 anno
554 2523 587 2588 p.
622 2501 702 2568 (ihr.
738 2523 771 2568 n.
807 2501 871 2568 217
907 2501 944 2566 in
971 2499 1090 2567 ceteris
1112 2499 1202 2566 ludis

47 2618 202 2694 cessasset,
237 2612 273 2678 in
297 2612 490 2681 Floralibus
514 2620 632 2681 tamen
656 2614 879 2702 permanebat
901 2619 1045 2681 testante
1070 2613 1200 2680 Dione:

49 2728 91 2788 ντὸ
112 2749 144 2787 τε
166 2729 352 2789 διαδίδοσθαὶ
375 2753 440 2790 τινα
463 2727 491 2789 ἓν
515 2741 580 2801 ταῖς
593 2738 652 2790 τῶν
663 2738 846 2808 στρατηγῶν
858 2737 917 2790 τῶν
929 2732 1005 2790 πάνυ
1016 2729 1109 2808 θέαις,
1123 2729 1202 2800 πλὴν

47 2841 148 2927 fluvit
172 2842 278 2922 Φλώρᾳ
301 2843 482 2919 τελουμένων
498 2884 739 2898 ··········
744 2843 763 2873 ''
778 2844 802 2929 ⁵)
826 2841 936 2907 Multo
953 2840 1203 2926 graviorasuni

48 2953 224 2970 5——

47 3013 205 3081 quinquagsms
230 3018 352 3067 drachmas
377 3018 469 3067 viritim
496 3018 626 3069 distribuit.
661 3011 788 3072 Δεῖπνον
814 3019 889 3083 igitur
911 3017 1005 3068 videtur
1023 3017 1136 3066 hocloco
1153 3034 1202 3066 nou

48 3102 104 3153 aliter
126 3107 215 3157 dictum
238 3125 288 3157 asse
311 3113 380 3173 atque
403 3109 495 3173 caepim
513 3109 615 3158 occurrit
631 3109 743 3158 Latinum
761 3109 902 3158 vocabulum
920 3110 1022 3174 epulum.
1056 3109 1104 3170 (cf.
1123 3109 1202 3173 Marq.

48 3184 143 3238 Privati.²
158 3206 209 3254 pag.
228 3191 277 3240 209
295 3207 343 3255 seq.
361 3193 384 3240 et
401 3207 471 3255 supra
488 3208 540 3256 pag.
560 3191 626 3251 191.)
660 3191 695 3240 De
713 3191 758 3240 ista
775 3191 947 3256 significatione
957 3191 1019 3241 nibil
1030 3192 1055 3240 in
1065 3192 1164 3250 lexicis,
1174 3209 1204 3241 ne

49 3266 68 3314 lu
86 3269 125 3319 illo
141 3274 234 3337 quidem
251 3273 397 3338 suppletorio
414 3278 437 3323 ct
454 3274 584 3333 dialectico,
601 3274 664 3338 quod
681 3275 816 3339 nuperrime
833 3275 967 3339 composuit
983 3275 1033 3323 Van
1052 3275 1203 3325 Hcrwcrden.

77 3350 94 3410 ¹)
124 3355 158 3404 cl.
184 3355 255 3406 Mart.
287 3357 354 3416 VIII,
381 3358 421 3416 78,
449 3357 480 3405 10
503 3373 566 3422 seqq.
593 3358 622 3406 de
648 3357 733 3406 Stellae
761 3358 825 3407 ludis
851 3386 882 3394 —
900 3358 941 3422 qui
960 3375 1023 3417 sanc,
1042 3361 1067 3406 ut
1083 3375 1097 3406 a
1113 3359 1205 3423 privato

50 3431 131 3485 homine
146 3439 200 3498 dati,
222 3457 270 3488 non
288 3445 346 3489 sunt
363 3441 435 3489 liuius
453 3440 499 3489 loci
517 3459 565 3488 -ε

265 3523 353 3588 „Nunc
370 3524 410 3573 dat
426 3527 604 3589 spectatas
621 3526 707 3572 tessera
724 3523 789 3588 largo
806 3525 873 3582 iam,

263 3607 335 3655 Nunc
352 3607 451 3671 implore
468 3607 536 3656 sinus
553 3622 646 3656 securos
663 3607 749 3671 gaudet
766 3612 789 3656 et
805 3608 841 3656 sb
852 3622 931 3656 sens

263 3690 365 3738 Sortitur
381 3690 499 3749 dominos,
516 3705 546 3738 nc
562 3689 685 3747 laceretur,
702 3689 777 3739 avis.’'

77 3767 95 3825 ²)
125 3769 158 3819 Ul.
175 3772 261 3820 Herod.
281 3772 309 3829 V,
328 3773 351 3829 6,
370 3773 408 3821 10.
444 3773 541 3832 (Locmn
560 3773 622 3821 infra
639 3773 750 3837 exscripsi
767 3789 819 3837 pag.
838 3772 903 3832 197.)

77 3846 94 3907 ²l
124 3850 181 3902 llaec
204 3855 275 3903 verbe
292 3855 403 3904 transtuli
420 3872 433 3904 e
449 3857 528 3904 Seuec.
546 3856 590 3920 up.
609 3856 671 3904 Mor.
688 3856 730 3914 IX,
747 3872 782 3920 sp.
802 3857 816 3904 ³
835 3854 894 3916 (74),
912 3854 953 3902 ubi
971 3857 989 3915 (t
1008 3854 1022 3907 7
1041 3855 1114 3916 seqq.)
1132 3853 1203 3903 huius

52 3925 167 3991 ltrgitionis
183 3938 243 3988 ratio
260 3938 378 4002 praeclare
395 3938 537 3988 illustratur.

78 4013 94 4071 ⁴)
124 4017 157 4068 cf.
181 4021 258 4070 Schcl.
285 4021 311 4069 iu
339 4021 415 4070 Horat
448 4022 495 4070 Sat.
519 4021 554 4081 II,
575 4022 598 4079 3,
617 4021 681 4079 182;
700 4021 764 4068 Pers.
784 4022 806 4078 ὅ,
826 4021 872 4072 171
892 4035 939 4083 seq.
958 4022 980 4068 et
998 4018 1061 4066 Jalru
1078 4019 1148 4068 adh.
1168 4018 1201 4075 l.;

54 4093 184 4152 Friedliinder
199 4105 363 4169 (Sittengcsch.
382 4106 454 4154 Roms
472 4105 507 4152 ΙΙ·
528 4121 580 4169 pag.
600 4104 663 4162 315;
682 4104 745 4168 apud
762 4104 839 4167 Marq.
858 4103 911 4151 StV.
930 4102 980 4152 1112
991 4119 1043 4167 pag.
1056 4101 1159 4154 solean
1179 4103 1202 4162 3)

54 4178 124 4239 ⁰0litat
138 4184 163 4232 de
178 4187 244 4251 pulte
260 4204 273 4236 e
289 4187 342 4237 faba
360 4204 386 4236 ac
403 4188 476 4236 cicere
492 4187 560 4236 iacta
1179 4201 1182 4205 ·

81 4260 96 4320 ‘l
124 4265 166 4315 Dio
183 4269 246 4320 Cass.
263 4269 394 4328 LXXVIII,
413 4270 453 4329 99,
472 4270 494 4319 l.
512 4269 588 4319 Locus
604 4274 641 4319 ost
652 4272 792 4333 corruptus;
805 4268 860 4318 vidc
869 4268 973 4318 Boisscv.
984 4269 1045 4318 adh.
1058 4268 1075 4317 l.
1085 4269 1203 4317 Praetores

55 4339 86 4389 illi
101 4346 201 4401 ridentur
217 4339 288 4402 fixisse
305 4354 397 4404 urbani.
416 4354 452 4403 el.
471 4353 582 4402 Momms.
600 4353 656 4402 Stli.
674 4351 710 4400 11³
727 4367 794 4416 pagg.
814 4352 861 4401 198
879 4367 933 4400 oum
950 4352 1004 4401 adu.
1024 4351 1166 4409 laurada
1177 4351 1202 4398 6.
