3040 5134
857 575 922 643 158

305 753 466 823 videlicet
512 754 584 842 ipse
618 753 767 822 babebat
799 754 929 821 tribum
965 775 1070 842 quam
1104 753 1241 840 legabat
1277 751 1302 841 ¹)
1337 790 1380 802 -
1409 757 1454 816 aut

306 867 591 936 frumentationes
639 867 741 935 liceat
774 868 940 956 appellari
973 867 1150 954 egentium
1186 867 1312 933 iustam
1344 886 1453 932 curam.

350 981 551 1068 Antequam
585 979 629 1048 ab
652 981 716 1048 boc
741 981 814 1048 loco
838 981 1011 1064 abeamus
1033 1002 1143 1068 pauca
1165 979 1310 1047 dicenda
1331 985 1406 1046 sunt
1425 978 1455 1042 de

305 1093 474 1161 libertinis
496 1094 534 1159 in
558 1095 866 1161 frumentationum
890 1095 1170 1161 communionem
1194 1093 1382 1180 assumptis.
1410 1091 1456 1156 Su·

307 1207 441 1296 periore
464 1207 558 1274 enim
582 1207 678 1274 haud
703 1207 806 1274 dubie
830 1209 953 1275 docent
975 1215 1050 1275 tum
1065 1207 1214 1294 quidem,
1228 1229 1308 1274 cum
1321 1207 1457 1274 Caesares

308 1326 500 1406 regnarent,
537 1320 666 1386 multos
698 1320 875 1388 libertinos
911 1321 1041 1408 publici
1064 1321 1229 1387 frumenti
1253 1321 1353 1388 fuisse
1376 1318 1458 1406 parti·

307 1433 410 1520 cipes.
456 1432 558 1512 Quod
580 1433 774 1500 Mommsen
798 1434 945 1500 adduxit
968 1441 1005 1500 ut
1027 1434 1096 1501 duo
1112 1433 1266 1500 tribuum
1279 1455 1399 1520 genera
1409 1432 1458 1496 dis

308 1553 471 1628 cerneret,
517 1546 678 1634 antiquas
712 1568 800 1635 quae
834 1547 878 1614 ad
913 1549 962 1614 rei
996 1547 1153 1635 publicae
1188 1549 1335 1615 rationes
1368 1549 1458 1612 essent

308 1659 514 1742 referendae,
540 1665 576 1726 et
600 1659 751 1727 urbanae
775 1660 884 1748 plebis
907 1683 995 1749 quae
1019 1683 1099 1727 cum
1119 1662 1284 1727 frumenti
1296 1657 1459 1746 largitioni·
1507 1645 1508 1668 .

309 1772 373 1839 bus
410 1773 651 1856 cohaerereut;
681 1773 725 1841 ad
748 1774 810 1842 has
833 1781 949 1844 autem
972 1775 1145 1857 admissos,
1172 1775 1302 1842 exiliis
1327 1773 1459 1842 exclusos

310 1887 411 1954 fuisse
434 1886 621 1954 libertinos.
645 1885 672 1974 ⁹)
718 1887 807 1953 Mihi
829 1894 944 1955 tamen
965 1889 1159 1956 Mommsen
1183 1890 1274 1956 banc
1287 1888 1458 1973 opinionem

310 2022 409 2067 suam
431 2022 652 2089 nequaquam
676 2002 878 2068 confirmare
901 2002 1038 2069 videtur
1061 2003 1273 2088 argumentis
1286 2002 1369 2068 nihil
1382 1996 1459 2066 dubii

310 2113 594 2203 relinquentibus.
622 2113 649 2203 8)
694 2114 823 2193 Quidni
848 2136 1025 2181 sumamus
1047 2115 1255 2202 Augustum,
1279 2117 1339 2203 qui
1361 2133 1459 2180 manu·

345 2293 364 2354 ¹)
397 2294 453 2360 Ipse
477 2295 612 2344 Mommsen
637 2295 701 2356 (Stil.
718 2295 756 2343 Ill
773 2311 826 2361 pag.
844 2297 892 2348 447
910 2296 964 2344 adn.
982 2297 1007 2354 4)
1024 2313 1037 2344 e
1054 2295 1167 2360 scriptore
1183 2297 1241 2345 satis
1259 2297 1354 2354 recenti,
1369 2291 1461 2344 Tertulli·

311 2393 364 2437 ano,
389 2377 445 2426 baec
470 2377 540 2426 verba
564 2377 645 2427 laudat
669 2379 698 2426 de
721 2377 805 2428 liberto
821 2379 868 2440 (De
885 2379 981 2428 Resurr.
998 2378 1075 2428 cornis
1094 2379 1151 2440 5¹0:
1171 2376 1461 2444 „strationiceorum

311 2463 335 2510 et
350 2461 414 2510 aurei
431 2459 499 2511 anuli
516 2460 604 2510 honore
620 2463 643 2510 st
661 2462 754 2525 patroni
772 2462 868 2510 nomine
885 2477 911 2510 sc
929 2462 992 2510 tribu
1009 2477 1137 2526 mensaque
1149 2462 1306 2512 bonoratur.''
1339 2463 1397 2525 Ergo
1404 2458 1461 2508 liber·

313 2545 353 2592 tus
368 2543 497 2592 honoretur
508 2544 611 2608 patroni
627 2543 698 2592 tribu.

350 2625 371 2686 ')
403 2626 458 2676 sut.
483 2625 522 2674 III
546 2642 598 2691 pag.
625 2627 673 2674 444
692 2642 755 2691 seqq.
791 2627 853 2676 Haec
871 2626 954 2676 scribit
970 2643 1022 2692 pag.
1040 2627 1105 2676 446:
1124 2629 1172 2692 „lla
1189 2628 1220 2677 ist
1238 2628 1373 2678 wesentlich
1388 2622 1463 2675 {ordis

315 2708 499 2760 mmtnnstik
524 2710 564 2757 des
589 2708 755 2773 Biirgerreclrts
780 2710 872 2758 aweiter
897 2709 987 2768 Klasse,
1005 2711 1058 2760 dass
1075 2710 1113 2760 die
1130 2711 1320 2776 Turriclrsctanug
1336 2711 1375 2759 der
1389 2707 1462 2769 Ireige·

315 2793 423 2843 lassenen
449 2792 498 2840 und
524 2791 577 2840 ihre
602 2791 802 2856 Ausscbliessuug
819 2809 865 2840 von
883 2793 928 2842 den
945 2792 1031 2842 Tribus
1048 2795 1098 2843 sich
1116 2795 1159 2844 aut
1172 2795 1236 2842 dieas
1252 2794 1339 2843 Tribus
1356 2793 1401 2842 uud
1415 2791 1464 2838 diae
1510 2835 1511 2846 .

316 2876 423 2940 Sponden
448 2875 516 2924 ulcht
540 2875 652 2923 erstreclrt
677 2874 725 2925 but.
760 2875 881 2924 Vielmebr
903 2877 935 2925 ist
952 2881 1020 2926 unter
1037 2879 1088 2927 dem
1107 2878 1227 2942 Principet
1245 2878 1283 2926 die
1300 2871 1465 2941 Mitglienchstt
1510 2871 1511 2876 ¹

315 2961 356 3010 der
380 2958 467 3008 Tribus
492 2974 523 3007 an
549 2958 600 3008 sich
624 2961 732 3021 getrennt
758 2959 851 3008 worden
876 2975 923 3008 von
944 2960 996 3008 dem
1014 2961 1088 3010 Recbt
1104 2961 1206 3010 dissolbe
1222 2961 1258 3010 ala
1275 2957 1430 3010 Namenstbeil
1444 2970 1464 3002 ru

315 3042 401 3092 ffihreu
418 3043 468 3090 und
485 3040 512 3089 in
528 3041 570 3089 der
586 3040 674 3089 Tribus
692 3041 741 3090 und
757 3042 799 3091 der
814 3042 918 3091 dadurcb
936 3042 1062 3108 bedingten
1079 3044 1192 3094 Centurio
1208 3059 1237 3092 zu
1255 3043 1389 3094 stimmeu.''

349 3124 369 3185 ³)
403 3124 536 3174 Maximum
552 3123 604 3172 eius
621 3129 786 3188 argumentum
803 3125 847 3173 boc
865 3129 906 3182 est,
923 3141 951 3173 er
968 3125 1165 3193 inscriptionibus
1181 3131 1259 3193 patere
1276 3125 1466 3176 Caesarumaetste

315 3207 406 3257 tribum
431 3205 503 3270 vulgo
529 3221 578 3254 non
603 3206 705 3255 additam
732 3207 804 3256 fuisse
827 3207 992 3258 libertinorum
1010 3210 1155 3258 nominibus.
1191 3211 1223 3259 It
1237 3226 1293 3259 cum
1310 3211 1360 3274 ipse
1376 3205 1468 3257 mrcedst

316 3290 441 3355 postremis
463 3288 551 3338 liberae
567 3288 725 3354 reipublicae
741 3290 886 3355 temporibus
903 3291 993 3340 tribum
1012 3309 1059 3340 nou
1076 3293 1151 3357 magis
1168 3293 1271 3342 additam
1289 3309 1346 3352 esse,
1362 3303 1466 3356 argumen-

316 3377 367 3423 tum
393 3371 453 3422 milri
479 3371 607 3420 admodum
633 3371 683 3421 lere
709 3372 810 3422 videtur.
845 3372 880 3422 cf.
900 3373 1011 3423 Momms.
1030 3375 1046 3424 l.
1065 3375 1082 3424 l.
1100 3391 1151 3440 pag.
1169 3375 1218 3424 440
1236 3376 1289 3424 adn.
1308 3378 1339 3424 4:
1367 3375 1434 3440 „Deos
1448 3370 1467 3417 iu

316 3457 361 3505 den
386 3454 497 3504 aiemlich
521 3453 669 3504 rahlreicben
694 3455 837 3504 Inscbrilteu
864 3457 904 3505 der
930 3461 1036 3521 spiteren
1061 3457 1284 3522 republikaniscben
1309 3459 1360 3508 Zeit
1383 3458 1425 3506 mit
1438 3453 1469 3501 der

316 3539 386 3589 sinen
411 3540 434 3588 S.
461 3538 508 3586 441
536 3539 566 3586 A.
593 3539 608 3587 2
634 3539 791 3603 angefiibrteu
816 3540 953 3590 Ausualiroe
978 3541 1017 3589 die
1033 3541 1119 3590 Tribus
1136 3541 1202 3591 nicht
1218 3541 1344 3601 erscheiut,
1360 3542 1420 3591 kann
1434 3537 1468 3585 don

314 3622 465 3672 bestimmten
482 3620 595 3686 Angsben
611 3622 750 3686 gegeniiber‚
767 3621 855 3672 welche
863 3623 902 3671 sur
909 3622 972 3672 diese
980 3624 1073 3688 lipoohe
1081 3623 1120 3672 ihr
1128 3624 1279 3674 Stimmrecbt
1287 3624 1409 3689 harugar,
1417 3619 1471 3671 nicht

316 3705 342 3756 in
360 3705 469 3756 Betrucht
484 3704 620 3753 kommen”
655 3705 724 3769 Quod
741 3705 770 3754 sd
787 3704 850 3754 locos
863 3722 922 3771 quos
939 3707 1020 3756 docere
1037 3707 1071 3756 ait
1088 3706 1211 3756 libertinos
1227 3707 1254 3758 in
1275 3707 1368 3773 „plebis
1381 3708 1470 3756 frumen·

316 3789 387 3840 uua
408 3787 501 3838 tribus''
522 3787 596 3837 fuisse
612 3791 724 3853 receptos,
742 3788 850 3852 equidem
868 3804 916 3838 uon
934 3789 1001 3838 video
1019 3789 1076 3854 quid
1093 3789 1181 3839 indicet
1197 3789 1272 3839 tribsu
1288 3805 1369 3840 vocem
1386 3789 1417 3838 ibi
1432 3799 1469 3835 unu

316 3871 389 3922 latius
405 3876 491 3939 patere.
510 3874 570 3921 Sunt
587 3872 640 3921 Tac.
659 3874 724 3921 Anu.
739 3871 807 3928 XIII,
825 3871 856 3923 27
867 3899 898 3908 —
908 3888 978 3937 quern
987 3871 1066 3922 looum
1076 3873 1129 3922 vide
1138 3889 1209 3937 supra
1217 3861 1269 3938 pag
1280 3873 1388 3924 lbbsdu.
1399 3869 1471 3921 1-et

316 3955 449 4020 symmach.
468 3955 534 4005 Oret.
552 3970 594 4021 pro
611 3959 676 4020 petre
693 3954 725 4006 7:
744 3953 807 4019 „Illa
823 3960 865 4015 (so.
876 3955 1471 4021 retustss)tribuserocetlibertinoacplebeiefaeoe

315 4037 445 4105 pollutas.”
478 4041 511 4088 It
535 4041 572 4088 isc
598 4038 675 4086 tribus
701 4037 754 4086 istis
777 4037 837 4087 locis
855 4038 883 4087 de
900 4037 968 4103 plebe
985 4043 1078 4088 tautum
1095 4040 1250 4089 frumentaria
1266 4056 1317 4089 esse
1333 4037 1470 4104 accipiendas,

317 4121 431 4185 quidnam
456 4121 512 4170 inde
536 4121 658 4170 efficitur?
691 4121 721 4168 In
747 4120 822 4169 Taciti
847 4121 911 4170 cuim
943 4121 994 4171 loco
1020 4123 1049 4171 de
1073 4122 1198 4171 remotiore
1223 4123 1375 4192 potissimum
1394 4119 1471 4183 origine

318 4204 468 4268 cogitandum
485 4210 521 4253 est
536 4205 576 4265 (ct.
593 4204 704 4252 Momms.
723 4202 740 4252 l.
758 4202 775 4252 l.
793 4220 844 4268 pag.
863 4204 912 4252 sta
926 4205 980 4254 adu.
998 4205 1030 4266 8),
1047 4221 1101 4255 cum
1116 4220 1164 4254 non
1173 4204 1250 4258 solum
1261 4205 1325 4256 inter
1332 4203 1472 4271 pastoriam

319 4285 496 4350 legionariosve‚
514 4287 554 4335 sed
571 4302 600 4334 ne
618 4286 680 4335 iuter
698 4285 802 4336 cohortes
819 4286 914 4350 quidem
925 4286 1282 4353 urbansslibertiuosstipcudis
1292 4287 1415 4338 meraritas
1423 4285 1471 4334 esset
