<?xml version="1.0" encoding="UTF-8"?>
<!DOCTYPE html PUBLIC "-//W3C//DTD XHTML 1.0 Transitional//EN"
    "http://www.w3.org/TR/xhtml1/DTD/xhtml1-transitional.dtd">
<html xmlns="http://www.w3.org/1999/xhtml" xml:lang="en" lang="en">
 <head>
  <title>
</title>
<meta http-equiv="Content-Type" content="text/html;charset=utf-8" />
  <meta name='ocr-system' content='tesseract 3.04.00' />
  <meta name='ocr-capabilities' content='ocr_page ocr_carea ocr_par ocr_line ocrx_word'/>
</head>
<body>
  <div class='ocr_page' id='page_1' title='image "./depauperumcuraa01essegoog_0065.png"; bbox 0 0 3122 5130; ppageno 0'>
   <div class='ocr_carea' id='block_1_1' title="bbox 827 517 949 586">
    <p class='ocr_par' dir='ltr' id='par_1_1' title="bbox 827 517 949 586">
     <span class='ocr_line' id='line_1_1' title="bbox 827 517 949 586; baseline 0.025 -4"><span class='ocrx_word' id='word_1_1' title='bbox 827 517 949 586; x_wconf 77' lang='lat'><strong>44·</strong></span> 
     </span>
    </p>
   </div>
   <div class='ocr_carea' id='block_1_2' title="bbox 262 696 1447 2599">
    <p class='ocr_par' dir='ltr' id='par_1_2' title="bbox 262 696 1447 1694">
     <span class='ocr_line' id='line_1_2' title="bbox 304 696 1447 785; baseline 0 -21"><span class='ocrx_word' id='word_1_2' title='bbox 304 720 333 764; x_wconf 86' lang='lat' dir='ltr'><strong>o.</strong></span> <span class='ocrx_word' id='word_1_3' title='bbox 381 698 494 765; x_wconf 83' lang='lat' dir='ltr'><strong>Orebra</strong></span> <span class='ocrx_word' id='word_1_4' title='bbox 517 699 606 780; x_wconf 83' lang='lat' dir='ltr'><strong>bello,</strong></span> <span class='ocrx_word' id='word_1_5' title='bbox 632 721 719 785; x_wconf 90' lang='lat' dir='ltr'><strong>quae</strong></span> <span class='ocrx_word' id='word_1_6' title='bbox 743 705 782 763; x_wconf 90' lang='lat' dir='ltr'><strong>ut</strong></span> <span class='ocrx_word' id='word_1_7' title='bbox 804 720 967 784; x_wconf 87' lang='lat' dir='ltr'><strong>agrorum</strong></span> <span class='ocrx_word' id='word_1_8' title='bbox 990 700 1214 766; x_wconf 90' lang='lat' dir='ltr'><strong>colendorum</strong></span> <span class='ocrx_word' id='word_1_9' title='bbox 1227 696 1447 764; x_wconf 79' lang='lat' dir='ltr'><strong>facultatem</strong></span> 
     </span>
     <span class='ocr_line' id='line_1_3' title="bbox 262 810 1446 898; baseline -0.002 -20"><span class='ocrx_word' id='word_1_10' title='bbox 262 811 469 893; x_wconf 79' lang='lat' dir='ltr'><strong>ademerant,</strong></span> <span class='ocrx_word' id='word_1_11' title='bbox 501 812 549 878; x_wconf 90' lang='lat' dir='ltr'><strong>ita</strong></span> <span class='ocrx_word' id='word_1_12' title='bbox 571 811 693 878; x_wconf 90' lang='lat' dir='ltr'><strong>acerba</strong></span> <span class='ocrx_word' id='word_1_13' title='bbox 716 811 844 878; x_wconf 87' lang='lat' dir='ltr'><strong>tributa</strong></span> <span class='ocrx_word' id='word_1_14' title='bbox 867 820 1061 898; x_wconf 81' lang='lat' dir='ltr'><strong>exegerant.</strong></span> <span class='ocrx_word' id='word_1_15' title='bbox 1108 812 1302 879; x_wconf 90' lang='lat' dir='ltr'><strong>Permultos</strong></span> <span class='ocrx_word' id='word_1_16' title='bbox 1324 810 1446 895; x_wconf 84' lang='lat' dir='ltr'><strong>igitur</strong></span> 
     </span>
     <span class='ocr_line' id='line_1_4' title="bbox 263 922 1443 1014; baseline 0 -24"><span class='ocrx_word' id='word_1_17' title='bbox 263 946 339 990; x_wconf 89' lang='lat' dir='ltr'><strong>aere</strong></span> <span class='ocrx_word' id='word_1_18' title='bbox 370 924 481 991; x_wconf 89' lang='lat' dir='ltr'><strong>alieno</strong></span> <span class='ocrx_word' id='word_1_19' title='bbox 504 925 605 991; x_wconf 90' lang='lat' dir='ltr'><strong>fuisse</strong></span> <span class='ocrx_word' id='word_1_20' title='bbox 630 925 768 992; x_wconf 90' lang='lat' dir='ltr'><strong>obrutos</strong></span> <span class='ocrx_word' id='word_1_21' title='bbox 791 925 888 992; x_wconf 87' lang='lat' dir='ltr'><strong>faciIe</strong></span> <span class='ocrx_word' id='word_1_22' title='bbox 913 927 1057 1014; x_wconf 88' lang='lat' dir='ltr'><strong>quisque</strong></span> <span class='ocrx_word' id='word_1_23' title='bbox 1081 925 1266 1010; x_wconf 83' lang='lat' dir='ltr'><strong>intellegat.</strong></span> <span class='ocrx_word' id='word_1_24' title='bbox 1292 922 1318 1012; x_wconf 82' lang='lat'><strong>1)</strong></span> <span class='ocrx_word' id='word_1_25' title='bbox 1352 924 1443 990; x_wconf 89' lang='lat' dir='ltr'><strong>Iam</strong></span> 
     </span>
     <span class='ocr_line' id='line_1_5' title="bbox 262 1037 1440 1126; baseline -0.002 -22"><span class='ocrx_word' id='word_1_26' title='bbox 262 1037 412 1104; x_wconf 88' lang='lat' dir='ltr'><strong>vidimus</strong></span> <span class='ocrx_word' id='word_1_27' title='bbox 446 1060 516 1104; x_wconf 91' lang='lat' dir='ltr'><strong>non</strong></span> <span class='ocrx_word' id='word_1_28' title='bbox 551 1038 660 1105; x_wconf 90' lang='lat' dir='ltr'><strong>multo</strong></span> <span class='ocrx_word' id='word_1_29' title='bbox 694 1045 770 1125; x_wconf 89' lang='lat' dir='ltr'><strong>post</strong></span> <span class='ocrx_word' id='word_1_30' title='bbox 804 1061 900 1124; x_wconf 82' lang='lat' dir='ltr'><strong>reges</strong></span> <span class='ocrx_word' id='word_1_31' title='bbox 934 1045 1071 1106; x_wconf 84' lang='lat' dir='ltr'><strong>exactos</strong></span> <span class='ocrx_word' id='word_1_32' title='bbox 1094 1060 1172 1120; x_wconf 73' lang='lat' dir='ltr'><strong>eoa,</strong></span> <span class='ocrx_word' id='word_1_33' title='bbox 1186 1039 1245 1126; x_wconf 88' lang='lat' dir='ltr'><strong>qui</strong></span> <span class='ocrx_word' id='word_1_34' title='bbox 1268 1058 1340 1103; x_wconf 90' lang='lat' dir='ltr'><strong>non</strong></span> <span class='ocrx_word' id='word_1_35' title='bbox 1362 1037 1440 1103; x_wconf 89' lang='lat' dir='ltr'><strong>nisi</strong></span> 
     </span>
     <span class='ocr_line' id='line_1_6' title="bbox 263 1151 1440 1238; baseline 0 -22"><span class='ocrx_word' id='word_1_36' title='bbox 263 1173 411 1238; x_wconf 87' lang='lat' dir='ltr'><strong>parvum</strong></span> <span class='ocrx_word' id='word_1_37' title='bbox 433 1151 625 1217; x_wconf 89' lang='lat' dir='ltr'><strong>dominium</strong></span> <span class='ocrx_word' id='word_1_38' title='bbox 647 1152 822 1233; x_wconf 89' lang='lat' dir='ltr'><strong>haberent,</strong></span> <span class='ocrx_word' id='word_1_39' title='bbox 845 1154 1015 1219; x_wconf 87' lang='lat' dir='ltr'><strong>continuis</strong></span> <span class='ocrx_word' id='word_1_40' title='bbox 1038 1153 1135 1220; x_wconf 90' lang='lat' dir='ltr'><strong>bellis</strong></span> <span class='ocrx_word' id='word_1_41' title='bbox 1158 1153 1341 1217; x_wconf 84' lang='lat' dir='ltr'><strong>exhaustos</strong></span> <span class='ocrx_word' id='word_1_42' title='bbox 1360 1172 1440 1216; x_wconf 92' lang='lat' dir='ltr'><strong>non</strong></span> 
     </span>
     <span class='ocr_line' id='line_1_7' title="bbox 264 1265 1441 1354; baseline -0.001 -24"><span class='ocrx_word' id='word_1_43' title='bbox 264 1286 340 1330; x_wconf 89' lang='lat' dir='ltr'><strong>raro</strong></span> <span class='ocrx_word' id='word_1_44' title='bbox 375 1265 563 1330; x_wconf 85' lang='lat' dir='ltr'><strong>necessario</strong></span> <span class='ocrx_word' id='word_1_45' title='bbox 596 1272 729 1332; x_wconf 86' lang='lat' dir='ltr'><strong>coactos</strong></span> <span class='ocrx_word' id='word_1_46' title='bbox 756 1266 867 1347; x_wconf 87' lang='lat' dir='ltr'><strong>fuisse,</strong></span> <span class='ocrx_word' id='word_1_47' title='bbox 893 1274 931 1332; x_wconf 89' lang='lat' dir='ltr'><strong>ut</strong></span> <span class='ocrx_word' id='word_1_48' title='bbox 954 1267 1201 1354; x_wconf 80' lang='lat' dir='ltr'><strong>patrimonium</strong></span> <span class='ocrx_word' id='word_1_49' title='bbox 1224 1286 1326 1330; x_wconf 87' lang='lat' dir='ltr'><strong>suum</strong></span> <span class='ocrx_word' id='word_1_50' title='bbox 1349 1286 1441 1331; x_wconf 87' lang='lat' dir='ltr'><strong>ven·</strong></span> 
     </span>
     <span class='ocr_line' id='line_1_8' title="bbox 265 1377 1441 1446; baseline -0.001 -3"><span class='ocrx_word' id='word_1_51' title='bbox 265 1377 392 1443; x_wconf 85' lang='lat' dir='ltr'><strong>darent.</strong></span> <span class='ocrx_word' id='word_1_52' title='bbox 439 1378 516 1444; x_wconf 85' lang='lat' dir='ltr'><strong>Hoc</strong></span> <span class='ocrx_word' id='word_1_53' title='bbox 549 1378 681 1444; x_wconf 88' lang='lat' dir='ltr'><strong>malum</strong></span> <span class='ocrx_word' id='word_1_54' title='bbox 713 1380 751 1444; x_wconf 89' lang='lat' dir='ltr'><strong>in</strong></span> <span class='ocrx_word' id='word_1_55' title='bbox 785 1380 856 1446; x_wconf 89' lang='lat' dir='ltr'><strong>dies</strong></span> <span class='ocrx_word' id='word_1_56' title='bbox 878 1380 980 1446; x_wconf 88' lang='lat' dir='ltr'><strong>latius</strong></span> <span class='ocrx_word' id='word_1_57' title='bbox 1014 1384 1224 1446; x_wconf 87' lang='lat' dir='ltr'><strong>manaverat.</strong></span> <span class='ocrx_word' id='word_1_58' title='bbox 1271 1378 1441 1444; x_wconf 81' lang='lat' dir='ltr'><strong>Ceterum</strong></span> 
     </span>
     <span class='ocr_line' id='line_1_9' title="bbox 263 1490 1442 1577; baseline -0.001 -21"><span class='ocrx_word' id='word_1_59' title='bbox 263 1491 433 1577; x_wconf 87' lang='lat' dir='ltr'><strong>imprimis</strong></span> <span class='ocrx_word' id='word_1_60' title='bbox 466 1491 597 1558; x_wconf 90' lang='lat' dir='ltr'><strong>Punico</strong></span> <span class='ocrx_word' id='word_1_61' title='bbox 632 1491 720 1559; x_wconf 88' lang='lat' dir='ltr'><strong>bello</strong></span> <span class='ocrx_word' id='word_1_62' title='bbox 756 1494 904 1560; x_wconf 86' lang='lat' dir='ltr'><strong>secundo</strong></span> <span class='ocrx_word' id='word_1_63' title='bbox 941 1494 1135 1560; x_wconf 86' lang='lat' dir='ltr'><strong>totaItalia</strong></span> <span class='ocrx_word' id='word_1_64' title='bbox 1159 1496 1291 1560; x_wconf 86' lang='lat' dir='ltr'><strong>vastata</strong></span> <span class='ocrx_word' id='word_1_65' title='bbox 1316 1490 1343 1576; x_wconf 75' lang='grc'><strong>2)</strong></span> <span class='ocrx_word' id='word_1_66' title='bbox 1365 1491 1442 1556; x_wconf 86' lang='lat' dir='ltr'><strong>Ro-</strong></span> 
     </span>
     <span class='ocr_line' id='line_1_10' title="bbox 265 1605 1078 1694; baseline 0.005 -25"><span class='ocrx_word' id='word_1_67' title='bbox 265 1625 456 1691; x_wconf 87' lang='lat' dir='ltr'><strong>manaeque</strong></span> <span class='ocrx_word' id='word_1_68' title='bbox 479 1605 667 1673; x_wconf 86' lang='lat' dir='ltr'><strong>iuventutis</strong></span> <span class='ocrx_word' id='word_1_69' title='bbox 689 1608 751 1674; x_wconf 89' lang='lat' dir='ltr'><strong>flos</strong></span> <span class='ocrx_word' id='word_1_70' title='bbox 774 1606 974 1694; x_wconf 87' lang='lat' dir='ltr'><strong>absumptus</strong></span> <span class='ocrx_word' id='word_1_71' title='bbox 997 1614 1078 1674; x_wconf 90' lang='lat' dir='ltr'><strong>erat.</strong></span> 
     </span>
    </p>

    <p class='ocr_par' dir='ltr' id='par_1_3' title="bbox 265 1717 1442 2599">
     <span class='ocr_line' id='line_1_11' title="bbox 311 1717 1442 1806; baseline -0.001 -23"><span class='ocrx_word' id='word_1_72' title='bbox 311 1717 358 1784; x_wconf 90' lang='lat' dir='ltr'><strong>At</strong></span> <span class='ocrx_word' id='word_1_73' title='bbox 391 1724 474 1785; x_wconf 88' lang='lat' dir='ltr'><strong>tunc</strong></span> <span class='ocrx_word' id='word_1_74' title='bbox 508 1720 657 1788; x_wconf 86' lang='lat' dir='ltr'><strong>maxime</strong></span> <span class='ocrx_word' id='word_1_75' title='bbox 692 1721 782 1787; x_wconf 87' lang='lat' dir='ltr'><strong>male</strong></span> <span class='ocrx_word' id='word_1_76' title='bbox 817 1743 869 1787; x_wconf 90' lang='lat' dir='ltr'><strong>res</strong></span> <span class='ocrx_word' id='word_1_77' title='bbox 900 1721 1228 1806; x_wconf 88' lang='lat' dir='ltr'><strong>sehaberecoepit,</strong></span> <span class='ocrx_word' id='word_1_78' title='bbox 1254 1717 1442 1803; x_wconf 82' lang='lat' dir='ltr'><strong>cumipse</strong></span> 
     </span>
     <span class='ocr_line' id='line_1_12' title="bbox 266 1830 1440 1921; baseline -0.001 -25"><span class='ocrx_word' id='word_1_79' title='bbox 266 1830 326 1896; x_wconf 89' lang='lat' dir='ltr'><strong>iIIa</strong></span> <span class='ocrx_word' id='word_1_80' title='bbox 369 1831 506 1918; x_wconf 88' lang='lat' dir='ltr'><strong>imperii</strong></span> <span class='ocrx_word' id='word_1_81' title='bbox 542 1840 576 1900; x_wconf 86' lang='lat' dir='ltr'><strong>et</strong></span> <span class='ocrx_word' id='word_1_82' title='bbox 613 1835 813 1901; x_wconf 87' lang='lat' dir='ltr'><strong>divitiarum</strong></span> <span class='ocrx_word' id='word_1_83' title='bbox 847 1835 1018 1921; x_wconf 89' lang='lat' dir='ltr'><strong>profunda</strong></span> <span class='ocrx_word' id='word_1_84' title='bbox 1051 1833 1220 1920; x_wconf 88' lang='lat' dir='ltr'><strong>cupiditas</strong></span> <span class='ocrx_word' id='word_1_85' title='bbox 1252 1831 1440 1898; x_wconf 87' lang='lat' dir='ltr'><strong>invaderet</strong></span> 
     </span>
     <span class='ocr_line' id='line_1_13' title="bbox 266 1944 1438 2035; baseline -0.002 -26"><span class='ocrx_word' id='word_1_86' title='bbox 266 1944 407 2010; x_wconf 80' lang='lat' dir='ltr'><strong>animoa.</strong></span> <span class='ocrx_word' id='word_1_87' title='bbox 432 1945 459 2033; x_wconf 75' lang='grc'><strong>3)</strong></span> <span class='ocrx_word' id='word_1_88' title='bbox 504 1947 595 2014; x_wconf 86' lang='lat' dir='ltr'><strong>Fieri</strong></span> <span class='ocrx_word' id='word_1_89' title='bbox 629 1949 724 2014; x_wconf 91' lang='lat' dir='ltr'><strong>enirn</strong></span> <span class='ocrx_word' id='word_1_90' title='bbox 739 1970 817 2018; x_wconf 31' lang='lat' dir='ltr'><strong>,non</strong></span> <span class='ocrx_word' id='word_1_91' title='bbox 840 1954 973 2034; x_wconf 88' lang='lat' dir='ltr'><strong>poterat</strong></span> <span class='ocrx_word' id='word_1_92' title='bbox 996 1947 1081 2035; x_wconf 92' lang='lat' dir='ltr'><strong>quin</strong></span> <span class='ocrx_word' id='word_1_93' title='bbox 1104 1947 1244 2013; x_wconf 90' lang='lat' dir='ltr'><strong>orientis</strong></span> <span class='ocrx_word' id='word_1_94' title='bbox 1265 1966 1371 2030; x_wconf 85' lang='lat' dir='ltr'><strong>regna</strong></span> <span class='ocrx_word' id='word_1_95' title='bbox 1394 1944 1438 2008; x_wconf 90' lang='lat' dir='ltr'><strong>in</strong></span> 
     </span>
     <span class='ocr_line' id='line_1_14' title="bbox 266 2057 1435 2148; baseline -0.003 -24"><span class='ocrx_word' id='word_1_96' title='bbox 266 2058 385 2145; x_wconf 92' lang='lat' dir='ltr'><strong>populi</strong></span> <span class='ocrx_word' id='word_1_97' title='bbox 419 2059 568 2126; x_wconf 88' lang='lat' dir='ltr'><strong>Romani</strong></span> <span class='ocrx_word' id='word_1_98' title='bbox 602 2067 804 2148; x_wconf 88' lang='lat' dir='ltr'><strong>potestatem</strong></span> <span class='ocrx_word' id='word_1_99' title='bbox 838 2063 975 2128; x_wconf 87' lang='lat' dir='ltr'><strong>redacta</strong></span> <span class='ocrx_word' id='word_1_100' title='bbox 1009 2061 1212 2128; x_wconf 83' lang='lat' dir='ltr'><strong>domesticae</strong></span> <span class='ocrx_word' id='word_1_101' title='bbox 1242 2057 1435 2124; x_wconf 88' lang='lat' dir='ltr'><strong>industriae</strong></span> 
     </span>
     <span class='ocr_line' id='line_1_15' title="bbox 265 2171 1435 2259; baseline -0.001 -24"><span class='ocrx_word' id='word_1_102' title='bbox 265 2171 400 2238; x_wconf 81' lang='lat' dir='ltr'><strong>funesta</strong></span> <span class='ocrx_word' id='word_1_103' title='bbox 422 2173 552 2240; x_wconf 85' lang='lat' dir='ltr'><strong>fierent.</strong></span> <span class='ocrx_word' id='word_1_104' title='bbox 598 2176 695 2240; x_wconf 81' lang='lat' dir='ltr'><strong>Tunc</strong></span> <span class='ocrx_word' id='word_1_105' title='bbox 719 2197 896 2241; x_wconf 83' lang='lat' dir='ltr'><strong>servorum</strong></span> <span class='ocrx_word' id='word_1_106' title='bbox 908 2174 1137 2242; x_wconf 88' lang='lat' dir='ltr'><strong>effloresoebat</strong></span> <span class='ocrx_word' id='word_1_107' title='bbox 1148 2174 1271 2259; x_wconf 82' lang='lat' dir='ltr'><strong>ingens</strong></span> <span class='ocrx_word' id='word_1_108' title='bbox 1286 2193 1435 2259; x_wconf 84' lang='lat' dir='ltr'><strong>proven-</strong></span> 
     </span>
     <span class='ocr_line' id='line_1_16' title="bbox 266 2287 1432 2376; baseline 0.001 -27"><span class='ocrx_word' id='word_1_109' title='bbox 266 2290 321 2350; x_wconf 91' lang='lat' dir='ltr'><strong>tus</strong></span> <span class='ocrx_word' id='word_1_110' title='bbox 354 2323 398 2334; x_wconf 89' lang='lat'><em>-</em></span> <span class='ocrx_word' id='word_1_111' title='bbox 432 2287 473 2352; x_wconf 93' lang='lat' dir='ltr'><strong>de</strong></span> <span class='ocrx_word' id='word_1_112' title='bbox 509 2308 577 2373; x_wconf 91' lang='lat' dir='ltr'><strong>quo</strong></span> <span class='ocrx_word' id='word_1_113' title='bbox 610 2288 681 2353; x_wconf 90' lang='lat' dir='ltr'><strong>iam</strong></span> <span class='ocrx_word' id='word_1_114' title='bbox 714 2288 853 2375; x_wconf 89' lang='lat' dir='ltr'><strong>iamque</strong></span> <span class='ocrx_word' id='word_1_115' title='bbox 888 2289 1055 2376; x_wconf 88' lang='lat' dir='ltr'><strong>copiosius</strong></span> <span class='ocrx_word' id='word_1_116' title='bbox 1089 2289 1241 2354; x_wconf 89' lang='lat' dir='ltr'><strong>dicturus</strong></span> <span class='ocrx_word' id='word_1_117' title='bbox 1264 2309 1341 2352; x_wconf 88' lang='lat' dir='ltr'><strong>sum</strong></span> <span class='ocrx_word' id='word_1_118' title='bbox 1363 2306 1432 2363; x_wconf 90' lang='lat'><strong>-;</strong></span> 
     </span>
     <span class='ocr_line' id='line_1_17' title="bbox 267 2399 1436 2488; baseline 0 -26"><span class='ocrx_word' id='word_1_119' title='bbox 267 2404 349 2464; x_wconf 91' lang='lat' dir='ltr'><strong>tunc</strong></span> <span class='ocrx_word' id='word_1_120' title='bbox 384 2419 529 2484; x_wconf 87' lang='lat' dir='ltr'><strong>magnae</strong></span> <span class='ocrx_word' id='word_1_121' title='bbox 553 2422 633 2486; x_wconf 89' lang='lat' dir='ltr'><strong>opes</strong></span> <span class='ocrx_word' id='word_1_122' title='bbox 657 2403 836 2488; x_wconf 88' lang='lat' dir='ltr'><strong>omnisque</strong></span> <span class='ocrx_word' id='word_1_123' title='bbox 860 2403 993 2487; x_wconf 82' lang='lat' dir='ltr'><strong>generis</strong></span> <span class='ocrx_word' id='word_1_124' title='bbox 1016 2424 1119 2488; x_wconf 91' lang='lat' dir='ltr'><strong>opera</strong></span> <span class='ocrx_word' id='word_1_125' title='bbox 1143 2408 1176 2466; x_wconf 90' lang='lat' dir='ltr'><strong>et</strong></span> <span class='ocrx_word' id='word_1_126' title='bbox 1199 2399 1342 2466; x_wconf 88' lang='lat' dir='ltr'><strong>artificia</strong></span> <span class='ocrx_word' id='word_1_127' title='bbox 1364 2399 1436 2462; x_wconf 80' lang='lat' dir='ltr'><strong>Ro·</strong></span> 
     </span>
     <span class='ocr_line' id='line_1_18' title="bbox 266 2513 1435 2599; baseline -0.001 -23"><span class='ocrx_word' id='word_1_128' title='bbox 266 2533 361 2576; x_wconf 90' lang='lat' dir='ltr'><strong>mam</strong></span> <span class='ocrx_word' id='word_1_129' title='bbox 394 2513 632 2596; x_wconf 74' lang='lat' dir='ltr'><strong>confluebant,</strong></span> <span class='ocrx_word' id='word_1_130' title='bbox 668 2521 750 2582; x_wconf 88' lang='lat' dir='ltr'><strong>tunc</strong></span> <span class='ocrx_word' id='word_1_131' title='bbox 786 2523 989 2582; x_wconf 88' lang='lat' dir='ltr'><strong>mercatores</strong></span> <span class='ocrx_word' id='word_1_132' title='bbox 1021 2516 1059 2580; x_wconf 90' lang='lat' dir='ltr'><strong>in</strong></span> <span class='ocrx_word' id='word_1_133' title='bbox 1091 2536 1233 2599; x_wconf 88' lang='lat' dir='ltr'><strong>magnas</strong></span> <span class='ocrx_word' id='word_1_134' title='bbox 1256 2513 1435 2578; x_wconf 88' lang='lat' dir='ltr'><strong>societates</strong></span> 
     </span>
    </p>
   </div>
   <div class='ocr_carea' id='block_1_3' title="bbox 168 2624 1436 3392">
    <p class='ocr_par' dir='ltr' id='par_1_4' title="bbox 168 2624 1436 3392">
     <span class='ocr_line' id='line_1_19' title="bbox 267 2624 1435 2715; baseline -0.003 -23"><span class='ocrx_word' id='word_1_135' title='bbox 267 2624 412 2714; x_wconf 85' lang='lat' dir='ltr'><strong>coibant,</strong></span> <span class='ocrx_word' id='word_1_136' title='bbox 448 2648 596 2712; x_wconf 89' lang='lat' dir='ltr'><strong>quarum</strong></span> <span class='ocrx_word' id='word_1_137' title='bbox 630 2650 735 2694; x_wconf 88' lang='lat' dir='ltr'><strong>naves</strong></span> <span class='ocrx_word' id='word_1_138' title='bbox 769 2652 829 2715; x_wconf 90' lang='lat' dir='ltr'><strong>per</strong></span> <span class='ocrx_word' id='word_1_139' title='bbox 864 2630 980 2695; x_wconf 89' lang='lat' dir='ltr'><strong>omnia</strong></span> <span class='ocrx_word' id='word_1_140' title='bbox 1014 2629 1122 2694; x_wconf 88' lang='lat' dir='ltr'><strong>maria</strong></span> <span class='ocrx_word' id='word_1_141' title='bbox 1149 2628 1192 2693; x_wconf 90' lang='lat' dir='ltr'><strong>ad</strong></span> <span class='ocrx_word' id='word_1_142' title='bbox 1215 2627 1318 2692; x_wconf 88' lang='lat' dir='ltr'><strong>totius</strong></span> <span class='ocrx_word' id='word_1_143' title='bbox 1341 2624 1435 2689; x_wconf 88' lang='lat' dir='ltr'><strong>orbis</strong></span> 
     </span>
     <span class='ocr_line' id='line_1_20' title="bbox 168 2739 1436 2826; baseline -0.001 -23"><span class='ocrx_word' id='word_1_144' title='bbox 168 2753 170 2757; x_wconf 82' lang='grc'><em>·</em></span> <span class='ocrx_word' id='word_1_145' title='bbox 266 2744 435 2805; x_wconf 89' lang='lat' dir='ltr'><strong>terrarum</strong></span> <span class='ocrx_word' id='word_1_146' title='bbox 469 2747 571 2826; x_wconf 91' lang='lat' dir='ltr'><strong>caput</strong></span> <span class='ocrx_word' id='word_1_147' title='bbox 605 2764 733 2807; x_wconf 89' lang='lat' dir='ltr'><strong>merces</strong></span> <span class='ocrx_word' id='word_1_148' title='bbox 768 2742 993 2808; x_wconf 86' lang='lat' dir='ltr'><strong>advehebant.</strong></span> <span class='ocrx_word' id='word_1_149' title='bbox 1040 2741 1109 2807; x_wconf 81' lang='lat' dir='ltr'><strong>Alii</strong></span> <span class='ocrx_word' id='word_1_150' title='bbox 1133 2741 1272 2806; x_wconf 86' lang='lat' dir='ltr'><strong>miseras</strong></span> <span class='ocrx_word' id='word_1_151' title='bbox 1295 2739 1436 2825; x_wconf 81' lang='lat' dir='ltr'><strong>provin·</strong></span> 
     </span>
     <span class='ocr_line' id='line_1_21' title="bbox 267 2852 1436 2940; baseline -0.001 -23"><span class='ocrx_word' id='word_1_152' title='bbox 267 2853 335 2918; x_wconf 88' lang='lat' dir='ltr'><strong>cias</strong></span> <span class='ocrx_word' id='word_1_153' title='bbox 374 2873 591 2940; x_wconf 90' lang='lat' dir='ltr'><strong>quacumque</strong></span> <span class='ocrx_word' id='word_1_154' title='bbox 634 2856 763 2920; x_wconf 90' lang='lat' dir='ltr'><strong>ratione</strong></span> <span class='ocrx_word' id='word_1_155' title='bbox 807 2855 1066 2936; x_wconf 77' lang='lat' dir='ltr'><strong>exhauriebant,</strong></span> <span class='ocrx_word' id='word_1_156' title='bbox 1102 2861 1141 2919; x_wconf 92' lang='lat' dir='ltr'><strong>ut</strong></span> <span class='ocrx_word' id='word_1_157' title='bbox 1172 2852 1357 2940; x_wconf 88' lang='lat' dir='ltr'><strong>publicani,</strong></span> <span class='ocrx_word' id='word_1_158' title='bbox 1394 2860 1436 2916; x_wconf 91' lang='lat' dir='ltr'><strong>ut</strong></span> 
     </span>
     <span class='ocr_line' id='line_1_22' title="bbox 266 2965 1436 3055; baseline -0.002 -24"><span class='ocrx_word' id='word_1_159' title='bbox 266 2966 492 3051; x_wconf 66' lang='lat' dir='ltr'><strong>magistratus</strong></span> <span class='ocrx_word' id='word_1_160' title='bbox 530 2990 614 3055; x_wconf 88' lang='lat' dir='ltr'><strong>quos</strong></span> <span class='ocrx_word' id='word_1_161' title='bbox 647 2969 786 3053; x_wconf 85' lang='lat' dir='ltr'><strong>negotia</strong></span> <span class='ocrx_word' id='word_1_162' title='bbox 819 2970 1018 3035; x_wconf 84' lang='lat' dir='ltr'><strong>contrahere</strong></span> <span class='ocrx_word' id='word_1_163' title='bbox 1044 2991 1113 3034; x_wconf 92' lang='lat' dir='ltr'><strong>nou</strong></span> <span class='ocrx_word' id='word_1_164' title='bbox 1139 2967 1288 3034; x_wconf 85' lang='lat' dir='ltr'><strong>decebat.</strong></span> <span class='ocrx_word' id='word_1_165' title='bbox 1313 2966 1340 3052; x_wconf 75' lang='grc'><strong>4)</strong></span> <span class='ocrx_word' id='word_1_166' title='bbox 1386 2965 1436 3029; x_wconf 81' lang='lat' dir='ltr'><strong>Ar</strong></span> 
     </span>
     <span class='ocr_line' id='line_1_23' title="bbox 264 3079 1434 3169; baseline -0.002 -25"><span class='ocrx_word' id='word_1_167' title='bbox 264 3080 409 3165; x_wconf 85' lang='lat' dir='ltr'><strong>exiguus</strong></span> <span class='ocrx_word' id='word_1_168' title='bbox 444 3086 516 3146; x_wconf 89' lang='lat' dir='ltr'><strong>erat</strong></span> <span class='ocrx_word' id='word_1_169' title='bbox 544 3103 711 3146; x_wconf 89' lang='lat' dir='ltr'><strong>numerus</strong></span> <span class='ocrx_word' id='word_1_170' title='bbox 735 3103 854 3147; x_wconf 90' lang='lat' dir='ltr'><strong>eorum</strong></span> <span class='ocrx_word' id='word_1_171' title='bbox 880 3083 1004 3169; x_wconf 87' lang='lat' dir='ltr'><strong>quibus</strong></span> <span class='ocrx_word' id='word_1_172' title='bbox 1027 3083 1111 3147; x_wconf 85' lang='lat' dir='ltr'><strong>haec</strong></span> <span class='ocrx_word' id='word_1_173' title='bbox 1135 3081 1251 3146; x_wconf 87' lang='lat' dir='ltr'><strong>omnia</strong></span> <span class='ocrx_word' id='word_1_174' title='bbox 1274 3079 1318 3144; x_wconf 91' lang='lat' dir='ltr'><strong>ad</strong></span> <span class='ocrx_word' id='word_1_175' title='bbox 1341 3101 1434 3143; x_wconf 89' lang='lat' dir='ltr'><strong>oom-</strong></span> 
     </span>
     <span class='ocr_line' id='line_1_24' title="bbox 263 3193 1434 3277; baseline 0.001 -19"><span class='ocrx_word' id='word_1_176' title='bbox 263 3193 405 3258; x_wconf 89' lang='lat' dir='ltr'><strong>modum</strong></span> <span class='ocrx_word' id='word_1_177' title='bbox 440 3193 688 3260; x_wconf 88' lang='lat' dir='ltr'><strong>redundabant.</strong></span> <span class='ocrx_word' id='word_1_178' title='bbox 717 3195 895 3274; x_wconf 89' lang='lat' dir='ltr'><strong>„Patimur</strong></span> <span class='ocrx_word' id='word_1_179' title='bbox 924 3197 1038 3262; x_wconf 88' lang='lat' dir='ltr'><strong>enirn&#39;&#39;</strong></span> <span class='ocrx_word' id='word_1_180' title='bbox 1063 3195 1176 3260; x_wconf 90' lang='lat' dir='ltr'><strong>-ait</strong></span> <span class='ocrx_word' id='word_1_181' title='bbox 1199 3194 1316 3259; x_wconf 82' lang='lat' dir='ltr'><strong>Cicero</strong></span> <span class='ocrx_word' id='word_1_182' title='bbox 1341 3193 1364 3277; x_wconf 76' lang='grc'><strong>5)</strong></span> <span class='ocrx_word' id='word_1_183' title='bbox 1387 3231 1434 3240; x_wconf 93' lang='grc'>-</span> 
     </span>
     <span class='ocr_line' id='line_1_25' title="bbox 266 3307 1434 3392; baseline -0.001 -20"><span class='ocrx_word' id='word_1_184' title='bbox 266 3307 411 3390; x_wconf 86' lang='lat' dir='ltr'><strong>,multos</strong></span> <span class='ocrx_word' id='word_1_185' title='bbox 445 3308 515 3373; x_wconf 89' lang='lat' dir='ltr'><strong>iam</strong></span> <span class='ocrx_word' id='word_1_186' title='bbox 549 3330 657 3374; x_wconf 91' lang='lat' dir='ltr'><strong>annos</strong></span> <span class='ocrx_word' id='word_1_187' title='bbox 692 3315 726 3374; x_wconf 89' lang='lat' dir='ltr'><strong>ct</strong></span> <span class='ocrx_word' id='word_1_188' title='bbox 761 3308 909 3391; x_wconf 74' lang='lat' dir='ltr'><strong>silemuS,</strong></span> <span class='ocrx_word' id='word_1_189' title='bbox 934 3332 1014 3375; x_wconf 91' lang='lat' dir='ltr'><strong>cum</strong></span> <span class='ocrx_word' id='word_1_190' title='bbox 1038 3309 1215 3375; x_wconf 85' lang='lat' dir='ltr'><strong>videamus</strong></span> <span class='ocrx_word' id='word_1_191' title='bbox 1238 3307 1282 3372; x_wconf 93' lang='lat' dir='ltr'><strong>ad</strong></span> <span class='ocrx_word' id='word_1_192' title='bbox 1304 3327 1434 3392; x_wconf 89' lang='lat' dir='ltr'><strong>paucos</strong></span> 
     </span>
    </p>
   </div>
   <div class='ocr_carea' id='block_1_4' title="bbox 267 3485 459 3495">
    <p class='ocr_par' dir='ltr' id='par_1_5' title="bbox 267 3485 459 3495">
     <span class='ocr_line' id='line_1_26' title="bbox 267 3485 459 3495; baseline 0 -1"><span class='ocrx_word' id='word_1_193' title='bbox 267 3485 459 3495; x_wconf 74' lang='lat'><strong>——-</strong></span> 
     </span>
    </p>
   </div>
   <div class='ocr_carea' id='block_1_5' title="bbox 265 3589 1438 3993">
    <p class='ocr_par' dir='ltr' id='par_1_6' title="bbox 265 3589 1437 3744">
     <span class='ocr_line' id='line_1_27' title="bbox 299 3589 1437 3660; baseline -0.007 -15"><span class='ocrx_word' id='word_1_194' title='bbox 299 3597 317 3655; x_wconf 85' lang='grc' dir='ltr'><strong>Ι)</strong></span> <span class='ocrx_word' id='word_1_195' title='bbox 352 3595 410 3644; x_wconf 79' lang='lat' dir='ltr'><strong>Sall.</strong></span> <span class='ocrx_word' id='word_1_196' title='bbox 437 3595 489 3659; x_wconf 83' lang='lat' dir='ltr'><strong>lug.</strong></span> <span class='ocrx_word' id='word_1_197' title='bbox 517 3595 558 3656; x_wconf 83' lang='lat'><strong>41,</strong></span> <span class='ocrx_word' id='word_1_198' title='bbox 585 3596 615 3647; x_wconf 80' lang='lat'><strong>7:</strong></span> <span class='ocrx_word' id='word_1_199' title='bbox 635 3596 757 3660; x_wconf 84' lang='lat' dir='ltr'><strong>„Populus</strong></span> <span class='ocrx_word' id='word_1_200' title='bbox 774 3596 865 3645; x_wconf 86' lang='lat' dir='ltr'><strong>militia</strong></span> <span class='ocrx_word' id='word_1_201' title='bbox 881 3599 951 3658; x_wconf 82' lang='lat' dir='ltr'><strong>atquc</strong></span> <span class='ocrx_word' id='word_1_202' title='bbox 969 3593 1049 3656; x_wconf 88' lang='lat' dir='ltr'><strong>iuopia</strong></span> <span class='ocrx_word' id='word_1_203' title='bbox 1067 3592 1207 3655; x_wconf 79' lang='lat' dir='ltr'><strong>urgebatur:</strong></span> <span class='ocrx_word' id='word_1_204' title='bbox 1224 3590 1321 3654; x_wconf 84' lang='lat' dir='ltr'><strong>praedas</strong></span> <span class='ocrx_word' id='word_1_205' title='bbox 1337 3589 1437 3638; x_wconf 85' lang='lat' dir='ltr'><strong>bellicas</strong></span> 
     </span>
     <span class='ocr_line' id='line_1_28' title="bbox 265 3679 772 3744; baseline -0.004 -16"><span class='ocrx_word' id='word_1_206' title='bbox 265 3681 416 3743; x_wconf 79' lang='lat' dir='ltr'><strong>imperatores</strong></span> <span class='ocrx_word' id='word_1_207' title='bbox 433 3695 487 3728; x_wconf 89' lang='lat' dir='ltr'><strong>cum</strong></span> <span class='ocrx_word' id='word_1_208' title='bbox 505 3679 586 3744; x_wconf 83' lang='lat' dir='ltr'><strong>paucis</strong></span> <span class='ocrx_word' id='word_1_209' title='bbox 603 3679 772 3742; x_wconf 82' lang='lat' dir='ltr'><strong>diripiebant.&#39;&#39;</strong></span> 
     </span>
    </p>

    <p class='ocr_par' dir='ltr' id='par_1_7' title="bbox 265 3754 1438 3993">
     <span class='ocr_line' id='line_1_29' title="bbox 298 3754 1438 3825; baseline -0.009 -14"><span class='ocrx_word' id='word_1_210' title='bbox 298 3761 317 3823; x_wconf 73' lang='grc'><strong>1)</strong></span> <span class='ocrx_word' id='word_1_211' title='bbox 352 3762 404 3810; x_wconf 88' lang='lat' dir='ltr'><strong>Liv.</strong></span> <span class='ocrx_word' id='word_1_212' title='bbox 431 3762 517 3819; x_wconf 90' lang='lat' dir='ltr'><strong>XXVI,</strong></span> <span class='ocrx_word' id='word_1_213' title='bbox 545 3763 584 3819; x_wconf 81' lang='lat'><strong>35,</strong></span> <span class='ocrx_word' id='word_1_214' title='bbox 612 3763 641 3809; x_wconf 88' lang='lat'><strong>5:</strong></span> <span class='ocrx_word' id='word_1_215' title='bbox 671 3763 731 3825; x_wconf 77' lang='lat' dir='ltr'><strong>,Per</strong></span> <span class='ocrx_word' id='word_1_216' title='bbox 755 3765 791 3810; x_wconf 89' lang='lat' dir='ltr'><strong>tot</strong></span> <span class='ocrx_word' id='word_1_217' title='bbox 816 3778 890 3811; x_wconf 84' lang='lat' dir='ltr'><strong>anuos</strong></span> <span class='ocrx_word' id='word_1_218' title='bbox 909 3761 999 3808; x_wconf 85' lang='lat' dir='ltr'><strong>tributo</strong></span> <span class='ocrx_word' id='word_1_219' title='bbox 1017 3759 1140 3806; x_wconf 80' lang='lat' dir='ltr'><strong>exhaustos</strong></span> <span class='ocrx_word' id='word_1_220' title='bbox 1156 3755 1220 3804; x_wconf 87' lang='lat' dir='ltr'><strong>nihil</strong></span> <span class='ocrx_word' id='word_1_221' title='bbox 1239 3754 1324 3818; x_wconf 85' lang='lat' dir='ltr'><strong>reliqui</strong></span> <span class='ocrx_word' id='word_1_222' title='bbox 1344 3759 1438 3818; x_wconf 85' lang='lat' dir='ltr'><strong>praeter</strong></span> 
     </span>
     <span class='ocr_line' id='line_1_30' title="bbox 265 3836 1437 3904; baseline -0.008 -11"><span class='ocrx_word' id='word_1_223' title='bbox 265 3847 355 3894; x_wconf 82' lang='lat' dir='ltr'><strong>terram</strong></span> <span class='ocrx_word' id='word_1_224' title='bbox 373 3845 461 3894; x_wconf 84' lang='lat' dir='ltr'><strong>nudam</strong></span> <span class='ocrx_word' id='word_1_225' title='bbox 479 3862 505 3894; x_wconf 87' lang='lat' dir='ltr'><strong>ac</strong></span> <span class='ocrx_word' id='word_1_226' title='bbox 524 3847 613 3894; x_wconf 79' lang='lat' dir='ltr'><strong>vastam</strong></span> <span class='ocrx_word' id='word_1_227' title='bbox 634 3844 745 3893; x_wconf 86' lang='lat' dir='ltr'><strong>habere&#39;’.</strong></span> <span class='ocrx_word' id='word_1_228' title='bbox 771 3844 806 3892; x_wconf 93' lang='lat' dir='ltr'><strong>lb.</strong></span> <span class='ocrx_word' id='word_1_229' title='bbox 825 3845 910 3901; x_wconf 86' lang='lat' dir='ltr'><strong>XXXI,</strong></span> <span class='ocrx_word' id='word_1_230' title='bbox 930 3843 968 3898; x_wconf 86' lang='grc'><strong>13,</strong></span> <span class='ocrx_word' id='word_1_231' title='bbox 987 3843 1001 3889; x_wconf 88' lang='grc'><strong>6</strong></span> <span class='ocrx_word' id='word_1_232' title='bbox 1020 3840 1120 3904; x_wconf 80' lang='lat' dir='ltr'><strong>legimus</strong></span> <span class='ocrx_word' id='word_1_233' title='bbox 1137 3853 1245 3901; x_wconf 79' lang='lat' dir='ltr'><strong>magnam</strong></span> <span class='ocrx_word' id='word_1_234' title='bbox 1265 3839 1355 3900; x_wconf 85' lang='lat' dir='ltr'><strong>partem</strong></span> <span class='ocrx_word' id='word_1_235' title='bbox 1373 3836 1437 3884; x_wconf 89' lang='lat' dir='ltr'><strong>divi·</strong></span> 
     </span>
     <span class='ocr_line' id='line_1_31' title="bbox 268 3919 1435 3993; baseline -0.008 -17"><span class='ocrx_word' id='word_1_236' title='bbox 268 3931 319 3976; x_wconf 87' lang='lat' dir='ltr'><strong>tum</strong></span> <span class='ocrx_word' id='word_1_237' title='bbox 336 3928 484 3993; x_wconf 78' lang='lat' dir='ltr'><strong>priuatorum</strong></span> <span class='ocrx_word' id='word_1_238' title='bbox 503 3927 601 3993; x_wconf 78' lang='lat' dir='ltr'><strong>„agros”</strong></span> <span class='ocrx_word' id='word_1_239' title='bbox 619 3927 697 3976; x_wconf 86' lang='lat' dir='ltr'><strong>dicere</strong></span> <span class='ocrx_word' id='word_1_240' title='bbox 716 3926 800 3990; x_wconf 79' lang='lat' dir='ltr'><strong>„volgo</strong></span> <span class='ocrx_word' id='word_1_241' title='bbox 819 3925 913 3976; x_wconf 84' lang='lat' dir='ltr'><strong>venales</strong></span> <span class='ocrx_word' id='word_1_242' title='bbox 930 3941 978 3973; x_wconf 80' lang='lat' dir='ltr'><strong>esse</strong></span> <span class='ocrx_word' id='word_1_243' title='bbox 996 3925 1018 3971; x_wconf 84' lang='lat' dir='ltr'><strong>ct</strong></span> <span class='ocrx_word' id='word_1_244' title='bbox 1036 3921 1130 3970; x_wconf 84' lang='lat' dir='ltr'><strong>sibimet</strong></span> <span class='ocrx_word' id='word_1_245' title='bbox 1147 3920 1232 3984; x_wconf 81' lang='lat' dir='ltr'><strong>emptis</strong></span> <span class='ocrx_word' id='word_1_246' title='bbox 1248 3935 1307 3982; x_wconf 89' lang='lat' dir='ltr'><strong>opus</strong></span> <span class='ocrx_word' id='word_1_247' title='bbox 1323 3919 1398 3968; x_wconf 87' lang='lat' dir='ltr'><strong>essc.”</strong></span> <span class='ocrx_word' id='word_1_248' title='bbox 1432 3951 1435 3956; x_wconf 91' lang='lat'><em>-</em></span> 
     </span>
    </p>
   </div>
   <div class='ocr_carea' id='block_1_6' title="bbox 265 4005 1439 4320">
    <p class='ocr_par' dir='ltr' id='par_1_8' title="bbox 298 4005 1054 4075">
     <span class='ocr_line' id='line_1_32' title="bbox 298 4005 1054 4075; baseline -0.012 -14"><span class='ocrx_word' id='word_1_249' title='bbox 298 4009 318 4071; x_wconf 69' lang='grc'><strong>3)</strong></span> <span class='ocrx_word' id='word_1_250' title='bbox 352 4011 388 4060; x_wconf 81' lang='lat' dir='ltr'><strong>cf.</strong></span> <span class='ocrx_word' id='word_1_251' title='bbox 406 4010 517 4070; x_wconf 78' lang='lat' dir='ltr'><strong>Roseher,</strong></span> <span class='ocrx_word' id='word_1_252' title='bbox 535 4012 596 4075; x_wconf 85' lang='lat' dir='ltr'><strong>Syst.</strong></span> <span class='ocrx_word' id='word_1_253' title='bbox 614 4011 637 4060; x_wconf 91' lang='lat' dir='ltr'><strong>d.</strong></span> <span class='ocrx_word' id='word_1_254' title='bbox 656 4009 857 4065; x_wconf 76' lang='lat' dir='ltr'><strong>volkswirthsch,</strong></span> <span class='ocrx_word' id='word_1_255' title='bbox 875 4008 910 4056; x_wconf 81' lang='grc' dir='ltr'><strong>Ι18</strong></span> <span class='ocrx_word' id='word_1_256' title='bbox 927 4022 972 4072; x_wconf 76' lang='lat' dir='ltr'><strong>pag</strong></span> <span class='ocrx_word' id='word_1_257' title='bbox 998 4005 1054 4053; x_wconf 81' lang='lat'>538.</span> 
     </span>
    </p>

    <p class='ocr_par' dir='ltr' id='par_1_9' title="bbox 265 4084 1439 4240">
     <span class='ocr_line' id='line_1_33' title="bbox 299 4084 1439 4158; baseline -0.007 -16"><span class='ocrx_word' id='word_1_258' title='bbox 299 4093 319 4153; x_wconf 89' lang='lat'><strong>⁴)</strong></span> <span class='ocrx_word' id='word_1_259' title='bbox 352 4092 405 4142; x_wconf 86' lang='lat' dir='ltr'><strong>LIv.</strong></span> <span class='ocrx_word' id='word_1_260' title='bbox 432 4093 495 4150; x_wconf 87' lang='lat' dir='ltr'><strong>XXI,</strong></span> <span class='ocrx_word' id='word_1_261' title='bbox 522 4094 561 4150; x_wconf 79' lang='lat'><strong>⁶3,</strong></span> <span class='ocrx_word' id='word_1_262' title='bbox 580 4095 611 4141; x_wconf 76' lang='lat'><strong>4:</strong></span> <span class='ocrx_word' id='word_1_263' title='bbox 640 4093 771 4158; x_wconf 76' lang='lat' dir='ltr'><strong>„Quaestus</strong></span> <span class='ocrx_word' id='word_1_264' title='bbox 789 4091 867 4139; x_wconf 88' lang='lat' dir='ltr'><strong>omnis</strong></span> <span class='ocrx_word' id='word_1_265' title='bbox 884 4089 992 4154; x_wconf 80' lang='lat' dir='ltr'><strong>patribus</strong></span> <span class='ocrx_word' id='word_1_266' title='bbox 1009 4085 1133 4136; x_wconf 80' lang='lat' dir='ltr'><strong>indecorus</strong></span> <span class='ocrx_word' id='word_1_267' title='bbox 1150 4084 1239 4133; x_wconf 83' lang='lat' dir='ltr'><strong>visus.&#39;’</strong></span> <span class='ocrx_word' id='word_1_268' title='bbox 1258 4084 1311 4148; x_wconf 84' lang='lat' dir='ltr'><strong>[ubi</strong></span> <span class='ocrx_word' id='word_1_269' title='bbox 1325 4085 1439 4147; x_wconf 63' lang='lat' dir='ltr'><strong>patribus</strong></span> 
     </span>
     <span class='ocr_line' id='line_1_34' title="bbox 265 4167 1437 4240; baseline -0.008 -14"><span class='ocrx_word' id='word_1_270' title='bbox 265 4176 455 4240; x_wconf 82' lang='lat' dir='ltr'><strong>coniungendam</strong></span> <span class='ocrx_word' id='word_1_271' title='bbox 473 4193 527 4226; x_wconf 83' lang='lat' dir='ltr'><strong>eum</strong></span> <span class='ocrx_word' id='word_1_272' title='bbox 544 4176 689 4239; x_wconf 68' lang='lat' dir='ltr'><strong>indecorus]</strong></span> <span class='ocrx_word' id='word_1_273' title='bbox 708 4176 745 4223; x_wconf 82' lang='lat' dir='ltr'><strong>Cf.</strong></span> <span class='ocrx_word' id='word_1_274' title='bbox 763 4176 833 4222; x_wconf 83' lang='lat' dir='ltr'><strong>etiam</strong></span> <span class='ocrx_word' id='word_1_275' title='bbox 851 4174 912 4221; x_wconf 80' lang='lat' dir='ltr'><strong>infra</strong></span> <span class='ocrx_word' id='word_1_276' title='bbox 921 4171 987 4220; x_wconf 86' lang='lat' dir='ltr'><strong>Libri</strong></span> <span class='ocrx_word' id='word_1_277' title='bbox 998 4171 1021 4218; x_wconf 95' lang='lat' dir='ltr'><strong>II</strong></span> <span class='ocrx_word' id='word_1_278' title='bbox 1032 4170 1109 4232; x_wconf 81' lang='lat' dir='ltr'><strong>Caput</strong></span> <span class='ocrx_word' id='word_1_279' title='bbox 1118 4169 1146 4217; x_wconf 84' lang='lat' dir='ltr'><strong>de</strong></span> <span class='ocrx_word' id='word_1_280' title='bbox 1155 4167 1257 4216; x_wconf 79' lang='lat' dir='ltr'><strong>Faenore</strong></span> <span class='ocrx_word' id='word_1_281' title='bbox 1267 4167 1437 4217; x_wconf 85' lang='lat' dir='ltr'><strong>Romanorum.</strong></span> 
     </span>
    </p>

    <p class='ocr_par' dir='ltr' id='par_1_10' title="bbox 299 4259 666 4320">
     <span class='ocr_line' id='line_1_35' title="bbox 299 4259 666 4320; baseline -0.005 -12"><span class='ocrx_word' id='word_1_282' title='bbox 299 4261 317 4320; x_wconf 66' lang='grc' dir='ltr'><strong>ι)</strong></span> <span class='ocrx_word' id='word_1_283' title='bbox 352 4259 401 4309; x_wconf 83' lang='lat' dir='ltr'><strong>Cio.</strong></span> <span class='ocrx_word' id='word_1_284' title='bbox 419 4259 486 4308; x_wconf 82' lang='lat' dir='ltr'><strong>I&#39;err.</strong></span> <span class='ocrx_word' id='word_1_285' title='bbox 504 4261 532 4318; x_wconf 92' lang='lat' dir='ltr'><strong>V,</strong></span> <span class='ocrx_word' id='word_1_286' title='bbox 550 4260 590 4315; x_wconf 82' lang='lat'><strong>48,</strong></span> <span class='ocrx_word' id='word_1_287' title='bbox 611 4260 666 4307; x_wconf 85' lang='grc'><strong>126.</strong></span> 
     </span>
    </p>
   </div>
   <div class='ocr_carea' id='block_1_7' title="bbox 0 0 1573 5124">
    <p class='ocr_par' dir='ltr' id='par_1_11' title="bbox 0 0 1573 5124">
     <span class='ocr_line' id='line_1_36' title="bbox 0 0 1573 5124; baseline 0 0"><span class='ocrx_word' id='word_1_288' title='bbox 0 0 1573 5124; x_wconf 95' lang='lat' dir='ltr'><strong> </strong></span> 
     </span>
    </p>
   </div>
   <div class='ocr_carea' id='block_1_8' title="bbox 1557 1115 1564 3007">
    <p class='ocr_par' dir='ltr' id='par_1_12' title="bbox 1557 1115 1564 3007">
     <span class='ocr_line' id='line_1_37' title="bbox 1557 1115 1564 3007; baseline 0 0"><span class='ocrx_word' id='word_1_289' title='bbox 1557 1115 1564 3007; x_wconf 95' lang='lat' dir='ltr'><strong> </strong></span> 
     </span>
    </p>
   </div>
  </div>
 </body>
</html>
