3122 5130
890 553 932 618 70

326 753 412 817 quae
448 732 630 797 Suetonius
672 738 786 797 narrat
810 733 850 796 de
875 732 913 796 L.
939 729 1069 796 Orbilio
1094 731 1231 817 Pupillo
1258 729 1488 815 grammatice,

325 845 383 930 qui
421 845 588 924 „Romam
626 846 762 910 consule
798 846 958 911 Cicerone
995 845 1129 921 transiit
1159 845 1341 930 docuitque
1364 845 1488 908 maiore

325 958 417 1021 fama
441 980 545 1043 quam
567 959 841 1024 emolurnento’':
871 959 1048 1044 „Namque
1063 959 1133 1022 iam
1147 980 1315 1044 persenex
1322 978 1488 1043 pauperem

323 1093 353 1135 aa
387 1079 415 1135 et
451 1055 592 1136 lectitare
624 1073 680 1137 aab
709 1073 820 1157 tepolis
844 1073 995 1158 quodam
1019 1072 1144 1157 scripto
1167 1072 1324 1138 fatetur.''
1350 1069 1373 1155 1)
1417 1070 1485 1133 Nec

324 1183 469 1247 dubium
492 1185 628 1250 videtur
651 1186 735 1272 quin
760 1207 926 1271 pauperes
949 1185 1083 1271 saepius
1106 1206 1167 1250 sua
1182 1207 1271 1265 „non
1284 1183 1389 1270 rectli)
1400 1189 1484 1247 tecta

324 1297 457 1361 subire’'
494 1297 520 1382 1)
555 1306 700 1382 possent.
747 1298 920 1364 Tabernas
955 1299 1072 1363 multis
1107 1299 1209 1363 simul
1241 1298 1484 1363 habitationum

324 1410 379 1475 vol
410 1411 522 1494 potius
557 1411 724 1476 cubilium
748 1411 821 1477 loco
846 1412 946 1477 fuisse
971 1434 1031 1477 suo
1054 1412 1127 1476 iure
1151 1412 1217 1478 viri
1240 1411 1330 1476 docti
1354 1415 1483 1476 conten·

324 1522 420 1587 dunt.
458 1522 485 1608 3)
532 1524 734 1610 Complures
769 1547 905 1611 quoque
942 1525 1004 1590 sub
1041 1525 1120 1592 divo
1143 1524 1198 1592 vel
1222 1525 1285 1590 sub
1308 1522 1482 1589 fornicibus

324 1643 535 1722 pernoctasse
559 1639 753 1723 putandum
774 1645 833 1703 est.
858 1638 883 1725 4)
1309 1629 1314 1633 ’

369 1750 469 1827 Quod
504 1750 545 1815 ad
582 1752 958 1838 supellectilem
993 1773 1042 1816 ac
1076 1731 1326 1832 vestitum,
1351 1748 1482 1815 dormie-

324 1862 407 1927 bant
429 1864 466 1928 in
492 1915 505 1944 ‚,
511 1865 691 1948 grabatis'',
705 1865 910 1930 lectulorum
922 1864 1108 1929 humilium
1121 1886 1245 1949 genere
1258 1887 1264 1944 ;
1281 1865 1305 1950 5)
1322 1885 1380 1950 pre
1391 1860 1481 1928 culci-

323 1977 365 2040 tis
392 1977 542 2042 Circcusi
566 1985 717 2044 tomento
731 1977 757 2065 6)
785 1978 979 2058 utebantur,
994 1978 1086 2063 quod
1101 1977 1223 2057 „fiebat
1235 1999 1278 2042 ex
1291 1976 1479 2062 palustrium

328 2091 540 2155 arundinum
564 2092 732 2179 paniculis
755 2092 897 2157 concisis
921 2097 954 2156 et
976 2091 1090 2156 fartis''
1116 2090 1302 2177 (Forcell.);
1326 2089 1479 2175 reliquam

239 2215 242 2220 ’
325 2204 571 2289 supellectilem
595 2227 702 2290 aeque
726 2205 832 2271 vilem
854 2206 955 2270 fuisse
980 2203 1229 2269 dubitationem
1252 2225 1323 2269 non
1341 2198 1477 2284 habeti)

324 2375 423 2421 tentiam
449 2390 516 2422 suam
541 2374 668 2422 mutavisse
694 2375 806 2433 videtur.)
831 2374 866 2421 Cf.
894 2374 964 2422 etiam
994 2374 1066 2421 Mart.
1085 2373 1105 2430 1,
1126 2373 1181 2430 108,
1200 2373 1227 2421 3ι
1248 2375 1296 2436 „At
1313 2389 1362 2421 mea
1378 2372 1476 2434 Vipsanas
1533 2441 1534 2446 1

323 2461 428 2520 spectant
455 2456 566 2505 cenacula
592 2457 698 2505 laurus.'’
725 2458 778 2514 VII,
806 2457 844 2515 20,
872 2458 919 2505 20;
948 2457 1028 2520 „Haec
1054 2473 1111 2519 per
1139 2457 1308 2505 ducentas
1325 2471 1378 2504 cum
1394 2455 1476 2503 domun

324 2541 382 2589 tulit
399 2539 538 2588 scalas.'’

360 2623 376 2682 1)
403 2625 465 2671 Suet.
495 2625 530 2671 De
556 2623 661 2670 Gramm.
689 2625 711 2671 9.
739 2623 824 2671 Plures
841 2623 903 2672 locos
921 2624 975 2672 vide
992 2623 1055 2686 apud
1071 2622 1171 2686 Ruperti
1189 2626 1213 2670 et
1230 2621 1314 2686 Meyer
1331 2623 1360 2672 ad
1375 2622 1423 2670 lav.
1439 2617 1475 2671 ill,

326 2706 464 2753 leo-201.

357 2788 376 2847 ²)
403 2790 440 2836 ef.
458 2790 529 2837 Mart.
549 2790 581 2848 ll,
601 2790 639 2846 53,
659 2791 681 2837 8.

356 2871 375 2931 3)
402 2872 437 2922 Cs.
464 2871 552 2920 Friedl.
571 2871 586 2919 l.
606 2872 622 2920 l.
642 2889 692 2935 pag.
712 2873 742 2920 66
753 2893 758 2928 3
778 2871 872 2920 thlm.
890 2872 907 2919 l.
926 2871 942 2920 l.
960 2887 1012 2936 pag.
1033 2870 1064 2922 74
1081 2872 1134 2919 adn.
1155 2872 1184 2928 1;
1203 2871 1274 2934 Voigt
1292 2872 1318 2919 in
1336 2872 1377 2920 Iw.
1394 2886 1414 2916 v.
1431 2865 1477 2914 ll's

325 2954 417 3002 llandb.
436 2954 477 3010 IV,
496 2954 530 3012 2²,
548 2971 600 3018 pag.
621 2955 684 3012 338;
703 2956 774 3002 etiarn
792 2954 889 3003 laudant
906 2955 999 3010 Nissen,
1018 2953 1154 3017 Pompejan.
1173 2954 1280 3011 Studien,
1300 2970 1350 3017 pag.
1369 2947 1476 3000 coemi
1532 3005 1533 3024 ¹

324 3053 370 3099 quo
396 3037 507 3084 nituntur
532 3037 557 3084 hi
576 3042 639 3086 sunt.
659 3037 716 3084 llor.
735 3037 813 3084 Corin.
831 3038 850 3094 I,
869 3039 892 3095 4,
911 3037 942 3085 13
961 3053 1023 3098 seq:
1043 3035 1152 3100 „Pallida
1170 3052 1233 3084 mors
1250 3052 1322 3099 aequo
1341 3035 1414 3096 pulsat
1429 3030 1476 3096 pede
1532 3027 1533 3056 l

324 3135 453 3181 pauperum
471 3120 577 3166 tabernas
595 3121 732 3183 Regumque
749 3120 839 3180 turris?
865 3121 918 3168 Tac.
937 3120 1000 3166 Hist.
1022 3120 1039 3176 l,
1059 3119 1105 3167 86:
1127 3119 1307 3182 „tluundatione
1324 3117 1420 3173 Tiberis)
1434 3113 1476 3177 plu·

325 3217 359 3248 res
377 3202 403 3249 in
420 3202 524 3250 tabernis
541 3207 564 3250 et
581 3203 699 3251 cubilibus
717 3203 866 3266 intercepti.''
885 3201 980 3265 Ulpian.
999 3201 1053 3264 Dig.
1073 3201 1099 3259 L,
1118 3202 1157 3258 16,
1177 3202 1239 3250 183:
1253 3194 1476 3265 „⁶Tabemae'appel·

323 3285 381 3332 latio
409 3284 510 3334 declarat
535 3303 604 3334 omne
622 3287 681 3334 utile
698 3287 727 3334 ad
744 3284 1072 3354 habitandumaedificium.’'
1108 3285 1161 3349 Quo
1179 3285 1231 3333 iure
1248 3288 1326 3333 tamen
1343 3281 1476 3332 huctrabanl

269 3425 272 3430 Ι
324 3367 406 3414 Horat.
433 3368 468 3415 De
486 3371 543 3416 Arte
560 3374 620 3432 poet.
641 3369 687 3417 229
707 3387 753 3417 non
772 3368 890 3432 intellego.

357 3451 376 3507 4)
402 3449 437 3498 cf.
457 3451 544 3500 Frisdl.
562 3452 579 3500 l.
598 3452 614 3500 1.

358 3534 376 3592 ὑ)
402 3533 438 3580 Cf.
457 3534 506 3583 Cic.
524 3535 560 3582 De
577 3536 660 3584 Divin.
680 3536 719 3592 63,
740 3536 802 3584 129:
823 3536 928 3599 „Deosne
938 3534 1081 3583 immortales
1092 3574 1096 3582 .
1108 3571 1113 3582 .
1125 3571 1146 3582 ..
1165 3549 1303 3582 concursare
1312 3533 1416 3582 omnium
1425 3544 1476 3579 mor·

323 3615 416 3672 talium,
439 3617 479 3679 qui
499 3617 585 3681 ubique
603 3623 665 3676 sunt,
683 3635 731 3668 non
749 3621 817 3666 modo
835 3619 914 3676 lectos,
932 3634 1013 3666 verum
1031 3617 1102 3665 etiam
1118 3615 1249 3679 grabatos.”
1268 3617 1335 3680 Verg.
1354 3617 1434 3663 Moret.
1452 3614 1478 3659 5:

323 3698 446 3761 „Membra
472 3700 534 3748 levat
560 3701 604 3750 vili
631 3703 718 3749 sensim
744 3703 846 3750 demissa
869 3701 987 3766 grabat0.”
1014 3700 1050 3749 Cl.
1074 3700 1144 3748 ctiam
1162 3701 1240 3748 Senec.
1259 3699 1303 3763 Ep.
1322 3701 1382 3747 Mor.
1400 3698 1431 3753 ll,
1447 3711 1477 3757 ep.

323 3781 413 3840 6)]8),
434 3782 463 3838 7;
482 3784 554 3832 Mart.
573 3785 592 3840 l,
611 3786 651 3842 92,
670 3787 700 3841 5;
719 3786 760 3842 Vl,
780 3786 818 3840 39,
837 3787 868 3841 43
886 3785 927 3840 Xl,
947 3785 985 3840 56,
1004 3785 1025 3830 5.

355 3864 373 3922 5)
400 3866 470 3911 Scau·
504 3867 539 3914 Dc
568 3869 620 3916 Vita
645 3868 710 3915 beuta
736 3869 775 3925 26,
803 3869 833 3915 2;
860 3867 958 3930 „Nihilo
981 3866 1090 3914 miserius
1113 3881 1160 3920 ero,
1184 3866 1203 3912 si
1222 3865 1282 3912 lassa
1299 3867 1378 3914 cervix
1394 3879 1441 3912 mur
1457 3861 1476 3906 in

321 3946 444 4009 manipulo
470 3950 532 3996 sceui
559 3952 702 4013 adquiescet,
728 3951 748 3997 si
775 3966 844 4012 super
862 3951 972 3997 Circense
990 3953 1121 3996 tomentum
1140 3964 1181 4010 per
1198 3953 1300 3996 sarturas
1318 3948 1401 3996 veteris
1417 3942 1474 3992 linui
1530 3993 1531 4016 2

320 4030 415 4076 ellluens
442 4031 582 4081 incubabo.''
611 4035 681 4081 Mart.
710 4033 771 4091 XIV,
800 4033 862 4080 16οι
891 4033 1047 4096 „Tomentum
1065 4031 1156 4078 concisa
1173 4030 1241 4094 palus
1259 4031 1367 4079 Circense
1384 4031 1474 4078 vocabu,

320 4112 382 4158 llaec
400 4129 442 4175 pro
460 4116 588 4163 Leuconico
606 4117 719 4164 stramina
736 4131 825 4178 pauper
842 4114 923 4162 emit.'’

352 4193 371 4253 7)
398 4197 431 4242 lle
466 4197 533 4245 valde
560 4200 665 4263 inopum,
693 4199 855 4246 mendicorum
882 4201 944 4261 puta,
971 4196 1118 4260 supellectile
1144 4195 1223 4258 plures
1249 4194 1312 4244 locos
1343 4197 1394 4244 vide
1420 4192 1473 4240 inira

317 4292 368 4338 prag.
388 4276 418 4327 73
438 4295 500 4342 seqq.
