3084 5128
596 549 659 616 211

45 725 97 812 qui
118 726 338 794 frumentum
357 725 536 814 publicum
558 727 663 813 gratis
683 725 905 815 accipiebant,
925 748 1112 814 puerorum
1129 751 1212 818 quo·

46 861 103 926 que
126 842 273 907 nomina
294 840 401 906 incidi
424 840 564 920 iuberet,
589 841 632 907 ab
656 863 695 908 eo
721 847 944 928 receptorum,
973 847 1031 922 „ut
1045 843 1207 910 iaminde

45 953 81 1019 ab
107 954 257 1021 infantia
282 959 457 1042 parentem
476 953 655 1041 publicum
679 976 821 1022 munere
845 954 1057 1022 educationis
1080 957 1211 1044 experi-

44 1069 183 1133 rentur.''
227 1067 341 1153 Magis
360 1067 473 1154 placet
495 1067 721 1135 Hirschfeldii
744 1068 923 1150 sententia,
949 1069 1008 1156 qui
1032 1069 1211 1137 alimenta·

45 1181 164 1247 riorum
187 1203 378 1270 puerorum
401 1187 435 1247 et
456 1181 650 1268 puellarum
675 1183 817 1248 nomina
839 1182 970 1249 Romae
988 1183 1209 1270 inseparatae

45 1293 167 1362 tabulas
202 1295 311 1362 relata
344 1295 447 1363 fuisse
470 1295 659 1363 confirmat.
684 1294 709 1383 ¹)
734 1295 889 1366 Henzeni
913 1295 1029 1382 opinio
1055 1297 1109 1365 vel
1134 1298 1210 1365 ideo

74 1541 91 1594 ¹l
124 1542 161 1592 Oi.
172 1542 281 1592 Hirschf.
292 1543 317 1591 in
327 1542 416 1592 Pbilol.
426 1542 442 1592 1.
452 1543 469 1592 1.
479 1559 531 1608 pag.
542 1543 571 1591 11
582 1559 629 1606 seq.
640 1542 774 1591 Mommsen
783 1541 877 1590 videtur
886 1545 946 1590 stare
954 1542 982 1590 ab
993 1543 1111 1592 Heuaeno.
1124 1544 1212 1594 Scribit

45 1626 99 1673 euim
118 1625 184 1686 (Sta.
203 1626 243 1674 111
260 1642 314 1690 pag.
332 1627 380 1674 446
399 1627 452 1674 adn.
472 1627 511 1686 3):
536 1626 622 1690 „Diese
638 1625 718 1674 Platae
735 1628 775 1687 (sc.
793 1625 834 1674 der
851 1625 1103 1690 neuhinaugetretenen
1121 1627 1210 1676 Getrei·

45 1708 219 1773 desmplanger),
245 1709 312 1758 nicht
333 1709 371 1758 die
388 1709 428 1758 des
446 1709 536 1766 Circus,
554 1709 629 1758 meiat
646 1708 741 1756 Plinius
755 1724 842 1772 pomp.
862 1708 891 1756 51
904 1727 909 1755 ι
921 1710 1015 1772 ,populo
1034 1745 1040 1756 .
1059 1747 1064 1757 .
1084 1746 1089 1757 .
1107 1711 1212 1758 locorum

45 1791 135 1855 quinque
159 1793 230 1842 milia
256 1793 367 1842 adiecisti
387 1793 459 1854 (deun
477 1808 501 1841 er
518 1793 582 1841 sahrt
598 1794 660 1841 tort:
678 1807 780 1840 aurorae
796 1791 856 1841 enim
873 1803 994 1840 numerum
1011 1792 1144 1854 Μίαν-ἰὴ
1163 1793 1211 1857 agl.

45 1875 97 1922 auch
121 1893 140 1924 c.
165 1876 215 1924 25:
235 1877 392 1940 locupletatae
409 1875 493 1936 tribua)
511 1877 560 1924 und
577 1875 618 1925 aul
634 1875 667 1924 sie
684 1875 740 1938 geht
756 1875 794 1924 die
811 1876 863 1924 dem
881 1875 967 1924 Traian
983 1880 1081 1939 gesetztc
1098 1876 1213 1924 luschrilt

47 1957 66 2004 0.
90 1958 128 2017 Vl,
155 1959 222 2008 955:
250 1959 325 2008 trihus
350 1959 453 2016 XXXV,
484 1959 548 2022 quod
565 1995 571 2008 .
588 1994 594 2008 .
614 1995 620 2008 .
638 1958 757 2007 commoda
774 1975 853 2008 earum
871 1958 929 2022 (agl.
946 1959 969 2008 S.
984 1961 1033 2006 444
1051 1960 1079 2007 Α,
1098 1961 1123 2019 4)
1140 1959 1212 2008 etiam

46 2041 141 2090 leronem
167 2041 302 2091 adiectione
330 2043 446 2107 ampliata
473 2047 535 2091 aunt.
570 2041 736 2091 Vermuthlich
762 2042 816 2091 siud
841 2042 891 2090 dies
917 2041 975 2090 eheu
999 2042 1036 2090 die
1061 2046 1119 2091 etwa
1146 2042 1211 2090 5000

48 2123 234 2182 Knabeustellen,
261 2142 307 2174 von
333 2127 408 2175 danen
432 2126 526 2175 Plinius
541 2141 626 2190 paup.
646 2125 676 2174 28
695 2124 809 2190 spricht.'’
845 2125 1021 2174 Mommsenum
1039 2125 1115 2175 Plinii
1132 2125 1211 2174 locum

47 2209 105 2273 [Cap.
130 2211 171 2271 51)
189 2226 238 2258 non
256 2213 316 2258 recte
332 2209 476 2258 intellexisse
494 2209 554 2258 mihi
572 2225 709 2274 pumannum
726 2213 767 2257 est.
803 2209 872 2273 Quod
890 2213 915 2258 ul
932 2215 1047 2274 appareat,
1065 2212 1128 2258 totus
1145 2208 1211 2258 locus

48 2293 203 2342 exscribendus
228 2293 288 2342 erit:
316 2295 363 2358 „At
389 2309 459 2357 quam
486 2292 625 2356 magnificus
649 2293 674 2340 iu
692 2292 817 2357 publicum
834 2294 879 2341 esP
899 2329 1054 2342 .......
1091 2291 1154 2340 Hinc
1172 2293 1208 2341 in·

48 2366 229 2425 mensum'latus
246 2377 302 2425 circi
319 2375 461 2440 templorum
479 2375 682 2441 pulchritudinem
699 2381 816 2439 pmvocat,
833 2376 905 2440 digna
922 2375 1010 2441 populo
1028 2376 1116 2424 victore
1132 2377 1209 2440 genti-

49 2474 82 2506 um
103 2462 174 2519 sedes,
202 2477 243 2510 nee
269 2461 348 2508 minus
366 2461 417 2525 ipsa
435 2460 531 2509 visenda
547 2476 618 2524 quam
637 2476 696 2524 quae
713 2476 739 2508 ex
757 2459 802 2509 illa
818 2459 1000 2524 spectabuntur:
1019 2461 1115 2508 visenda
1132 2465 1210 2508 autem

49 2557 100 2591 oum.
111 2548 184 2592 cetera
202 2544 286 2608 specie,
303 2549 354 2592 tum
369 2544 432 2608 quod
448 2548 558 2608 aequatus
575 2543 652 2607 plebis
669 2560 695 2591 ac
713 2543 829 2608 principis
846 2542 927 2602 locus;
946 2543 1062 2607 siquidem
1082 2560 1123 2607 per
1141 2559 1211 2592 omne

49 2629 142 2688 spatium
169 2643 215 2676 una
240 2627 318 2684 facies,
343 2628 424 2675 omnia
440 2628 552 2676 continua
570 2631 592 2676 et
609 2627 681 2691 paria,
700 2642 742 2674 neo
760 2627 834 2690 magis
852 2627 962 2691 proprius
979 2626 1098 2690 spectandi
1117 2625 1210 2676 Caesari

50 2714 161 2772 sirggestus
178 2727 247 2775 quam
266 2709 361 2775 propria
378 2727 435 2775 qnae
452 2713 546 2775 spectet.
581 2709 671 2758 Licebit
688 2725 743 2772 ergo
760 2709 852 2757 civibus
869 2709 917 2758 tuis
935 2713 957 2757 te
975 2709 1077 2757 invicem
1090 2709 1210 2758 contueri:

50 2791 134 2840 dabitur
150 2810 197 2842 non
215 2793 353 2842 cubiculum
371 2793 485 2858 principis
502 2793 542 2841 sed
559 2793 638 2856 ipsum
656 2792 788 2855 principem
806 2808 906 2850 cernere,
924 2793 950 2840 in
968 2791 1072 2856 publico,
1085 2793 1110 2840 in
1122 2791 1210 2857 populo

51 2875 164 2935 sedentem,
189 2877 287 2942 populo,
313 2877 349 2924 cui
377 2876 482 2925 locorum
508 2877 613 2940 quinque
639 2876 706 2924 milia
732 2876 845 2924 adiecisti.
880 2878 983 2925 Auxeras
1002 2876 1065 2924 euim
1084 2891 1209 2924 nnmerum

51 2959 93 3007 eius
114 2962 225 3025 congiarii
243 2960 356 3010 facilitate
373 2962 533 3025 maioremque
550 2961 574 3009 in
593 2965 712 3025 posterum
731 2961 819 3024 suscipi
836 2960 987 3009 liberalitatis
1004 2963 1057 3008 tuae
1074 2961 1119 3008 fide
1136 2960 1210 3008 iusse-

50 3043 103 3090 ras.''
137 3045 260 3093 Postrema
285 3041 355 3093 verba
383 3061 432 3092 nrm
457 3061 511 3093 cum
538 3045 686 3092 Mommseno
712 3044 887 3108 interpretanda
913 3047 983 3092 eunti
1009 3043 1128 3107 „Auxeras
1145 3043 1210 3092 euim

51 3140 164 3176 unmemm
186 3129 256 3188 (eius)
273 3127 403 3190 congiarii”
423 3155 455 3164 -
472 3129 528 3176 aed:
548 3129 666 3192 „Auxeras
685 3128 749 3176 euim
766 3143 891 3177 numemm
909 3127 968 3184 eius,
986 3143 1017 3176 sc.
1035 3125 1127 3191 populi,
1136 3126 1209 3190 idque

51 3210 152 3270 congiarii
179 3209 317 3258 facilitate.”
352 3210 443 3274 Quodsi
469 3227 565 3274 quaeras
591 3211 707 3274 quomodo
733 3210 845 3273 congiarii
871 3209 984 3258 facilitate
1010 3208 1112 3274 populus
1130 3210 1209 3273 augeri

51 3293 148 3352 potuerit,
177 3294 314 3342 memineris
340 3293 467 3341 Traianum
493 3309 578 3357 pueros
604 3293 659 3341 illos
685 3293 807 3357 ingenuos,
834 3309 892 3357 quos
918 3292 988 3358 paulo
1007 3293 1087 3340 minus
1104 3293 1210 3356 quinque

51 3373 111 3423 milia
129 3393 227 3426 numero
254 3376 279 3424 in
301 3377 413 3440 congiarii
439 3381 529 3440 partem
551 3377 651 3433 vocavit,
669 3377 759 3425 eosdem
778 3375 908 3426 liberaliter
924 3376 1020 3425 alendos
1034 3392 1134 3434 curasse,
1153 3376 1210 3424 item

52 3459 82 3514 lut
99 3458 178 3508 docent
195 3459 275 3508 addita
293 3459 362 3508 verba
380 3458 555 3523 „maioremque
572 3460 597 3507 in
616 3464 734 3523 posterum
754 3460 841 3524 suscipi
860 3459 1009 3509 liberalitatis
1026 3462 1080 3508 tuae
1096 3459 1141 3507 fide
1160 3460 1209 3508 ius-

52 3540 130 3600 seras'')
154 3543 216 3591 uiam
244 3541 350 3606 plurium
374 3543 399 3590 in
425 3545 544 3606 posterum
570 3543 773 3606 suscipiendorum
800 3544 925 3610 aperuisse.
962 3543 999 3591 lta
1017 3541 1120 3607 „populo
1138 3571 1169 3577 —
1188 3547 1210 3591 et

52 3621 155 3685 implicite
180 3627 243 3674 cireo
269 3653 301 3660 -
327 3624 431 3674 locorum
456 3626 561 3690 quinque
587 3626 655 3675 milia
680 3626 807 3675 adiecisse''
825 3627 871 3675 dici
890 3631 993 3690 poterat;
1012 3625 1127 3689 populum
1145 3626 1209 3674 enim

54 3720 129 3768 angens
153 3709 208 3757 circi
235 3707 365 3771 ampliandi
394 3709 538 3757 occasionem
561 3709 631 3758 dedit.
667 3709 736 3773 Quod
753 3715 830 3758 autem
849 3710 875 3757 O.
894 3711 914 3757 Ι.
932 3710 958 3757 L.
980 3709 1018 3764 VI,
1036 3708 1083 3754 955
1103 3707 1209 3756 tribuum

54 3785 128 3836 XXXV
149 3792 271 3839 commoda
295 3791 366 3838 etiam
393 3791 498 3840 locorum
523 3792 652 3840 adiectione
678 3793 790 3856 ampliata
819 3808 868 3840 esse
894 3793 1008 3847 seruntur,
1034 3791 1117 3838 docent
1134 3789 1209 3838 Plinii

55 3870 115 3920 verba
131 3891 171 3938 „cx
187 3874 225 3923 bis
242 3879 284 3936 (sc.
303 3874 384 3922 incisis
402 3867 489 3938 pueris)
507 3879 588 3933 castra,
606 3892 633 3924 ex
651 3876 689 3924 his
707 3876 783 3924 trihus
801 3874 1005 3938 replebuntur
1021 3875 1077 3933 (uon
1089 3874 1210 3935 replentur

57 3953 88 4000 vel
103 3960 199 4020 repletae
215 3956 297 4016 sunt)”
316 3957 410 4020 (Paneg.
429 3959 470 4017 28)
487 3959 530 4006 hos
547 3975 631 4022 pueros
648 3960 754 4007 nondum
772 3973 826 4005 cum
841 3958 922 4006 ceteris
931 3955 1061 4005 tribulibus
1069 3957 1148 4003 eadem
1158 3955 1210 4003 iura

57 4039 123 4086 nactos
147 4057 195 4089 esse
216 4057 292 4104 neque
309 4039 383 4104 igitur
401 4040 470 4088 illinc
488 4042 538 4105 cogi
557 4058 624 4105 posse
642 4057 722 4090 eorum
742 4041 837 4089 nomina
856 4041 881 4088 in
900 4055 1035 4087 communes
1053 4037 1144 4086 tabulas
1161 4053 1210 4086 esse

58 4116 125 4169 relata.
157 4124 189 4171 lli
219 4126 285 4189 pueri
312 4129 398 4182 autem,
424 4123 471 4172 nisi
491 4123 570 4181 fallor,
596 4124 673 4172 simili
699 4124 767 4171 modo
793 4122 840 4170 dici
866 4127 964 4186 poseant
986 4122 1011 4169 in
1029 4121 1105 4170 tribus
1123 4121 1209 4184 recepti

57 4214 97 4248 esse
118 4208 183 4268 atque
200 4208 226 4256 O.
245 4208 265 4256 1.
286 4209 314 4257 1..
332 4208 373 4266 VI,
393 4207 474 4256 10220
492 4211 515 4255 et
534 4206 614 4255 10221
633 4208 678 4255 duo
696 4205 735 4254 illi
753 4205 847 4269 pueruli
865 4206 1050 4253 adnumerantur
1067 4205 1093 4252 iu
1111 4203 1209 4267 collegio

57 4289 195 4339 aeneatorum.
221 4291 268 4355 (cl.
294 4307 361 4356 pagg.
390 4291 437 4339 159
463 4290 517 4339 adn.
537 4291 559 4348 7,
579 4289 626 4338 160
644 4289 698 4337 adn.
718 4288 740 4346 3,
759 4287 806 4335 208
825 4287 877 4336 adn.
899 4287 921 4346 1,
938 4290 960 4336 et
977 4286 1096 4336 Addenda
1113 4291 1136 4336 et
1154 4285 1209 4334 Cor·
