3084 5128
826 609 890 674 282

274 784 334 870 too)
357 793 391 850 et
413 807 501 870 merra
523 785 674 872 (metue),
698 787 763 852 hoc
786 785 846 852 illo
870 785 1036 851 maiorem
1060 784 1133 851 vim
1156 784 1283 852 habere
1301 791 1453 853 constat
1536 757 1537 786 ἶ

271 897 387 964 Pauca
410 898 569 985 exempla
591 900 648 965 hic
669 899 853 965 sufficiunt.

316 1009 384 1077 Cic.
408 1011 529 1077 Parad.
553 1013 584 1088 6,
610 1013 673 1078 45;

364 1125 489 1205 „Istam
523 1130 761 1210 paupertatem
794 1124 850 1191 vel
884 1125 997 1211 potius
1031 1131 1216 1208 egestatem
1240 1145 1279 1190 ao
1304 1147 1406 1192 men·

317 1237 492 1303 dicitatem
515 1244 611 1302 tuam
634 1258 827 1322 numquam
851 1236 993 1304 obscure
1015 1237 1157 1303 tulisti.”

317 1350 434 1416 Senec.
458 1351 522 1436 Ep.
547 1351 633 1416 Mor.
657 1350 702 1429 ΙΙ,
727 1372 780 1437 ep.
802 1351 823 1415 5
847 1350 928 1436 (17),
953 1352 994 1417 6:
1341 1425 1342 1428 Ἴ

365 1463 462 1542 „Non
497 1469 556 1541 est,
591 1463 683 1549 quod
718 1471 901 1549 paupertas
932 1485 992 1529 nos
1015 1486 1035 1529 a
1058 1463 1276 1550 philosophia
1302 1485 1402 1530 revo-

318 1581 380 1653 cet,
406 1597 448 1640 ne
470 1584 600 1660 egestas
622 1576 795 1663 quidem.”

317 1688 405 1753 Ibid.
429 1689 490 1769 VI,
515 1695 535 1753 6
557 1691 637 1774 (58),
667 1692 706 1756 1:

365 1803 576 1882 „Quanta
621 1803 883 1868 verborum
932 1803 1075 1868 nobis
1109 1810 1401 1888 pauperta5‚

316 1915 457 1981 immo
503 1922 698 2000 egestas
731 1917 784 1997 sit,
821 1937 1014 2002 numquam
1050 1917 1160 2000 magis
1193 1937 1299 2003 quam
1339 1917 1400 1982 ho·

317 2029 436 2094 dierno
460 2028 514 2094 die
538 2028 725 2095 intellexi.'’
1311 2017 1314 2021 Δ

317 2141 482 2208 Similiter
519 2165 607 2228 egeas
640 2143 681 2208 de
716 2143 855 2208 homine
891 2143 1049 2228 usurpari
1083 2149 1203 2228 potest,
1240 2142 1296 2208 oui
1331 2142 1450 2209 desint

273 2257 462 2321 necessaria
485 2255 527 2320 ad
552 2256 751 2335 vivendum,
777 2255 869 2342 quod
889 2278 1012 2341 pauper
1034 2256 1226 2340 significare
1251 2256 1384 2341 nequit.

317 2481 416 2547 Idem
450 2489 552 2567 atque
586 2505 675 2568 egens
708 2490 758 2548 est
791 2453 911 2568 specus,
935 2482 1026 2569 quod
1051 2481 1159 2546 multo
1186 2482 1299 2546 minus
1321 2482 1444 2548 tritum

273 2601 323 2660 est
357 2602 391 2660 et
425 2596 534 2680 magis
568 2597 676 2682 poetis
710 2604 812 2682 atque
848 2595 1015 2660 historicis
1049 2595 1227 2661 familiare.
1274 2594 1444 2662 Omnium

273 2708 436 2789 locorum,
473 2709 531 2774 ubi
564 2731 676 2794 egenus
708 2709 893 2790 invenitur,
930 2710 1126 2774 notissimus
1152 2716 1202 2774 est
1225 2708 1329 2792 Verg.
1354 2709 1444 2775 Aen.
1486 2757 1489 2762 ,

274 2821 335 2902 VI,
371 2823 412 2886 91
448 2844 528 2909 seq„
564 2823 625 2887 ubi
658 2821 797 2907 Sibylla,
833 2843 997 2908 praesaga
1032 2820 1112 2887 mali
1141 2829 1247 2902 vates,
1270 2843 1444 2907 nusquam

275 2936 346 3001 fore
369 2937 507 3001 Aeneae
531 2936 622 3016 dicit,
647 2944 686 3000 ut
708 2936 797 3000 Iuno
822 2934 1019 3014 deliniatur,

705 3070 804 3128 „cum
838 3056 876 3114 tu
900 3047 1046 3134 supplex
1069 3048 1105 3112 in
1130 3047 1230 3113 rebus
1253 3048 1371 3131 egenis

363 3162 456 3238 Quas
479 3163 589 3246 gentis
611 3161 739 3227 italum
766 3169 825 3227 aut
849 3183 933 3248 quas
958 3183 1026 3226 non
1050 3161 1200 3226 oraveris
1223 3159 1326 3226 urbes
1340 3161 1369 3225 l”

275 3274 369 3339 Duos
392 3273 482 3339 locos
506 3275 629 3340 addere
654 3277 743 3347 satis
757 3275 879 3341 habeo.

319 3387 430 3453 Plaut.
451 3389 547 3475 Capt.
570 3390 615 3469 ΙΙ,
641 3392 672 3468 3,
696 3391 739 3454 45
763 3410 855 3474 seq.:

366 3501 503 3586 „Neque
528 3502 606 3567 med
630 3524 797 3588 umquam
821 3502 1006 3566 deseruisse
1029 3507 1062 3566 te
1085 3521 1196 3585 neque
1220 3500 1442 3586 factisnequo

362 3614 479 3680 Rebus
498 3615 534 3681 in
558 3614 680 3696 dubiis,
703 3615 851 3700 egenis.’'
1320 3612 1400 3697 (lide

317 3728 368 3792 ld.
393 3729 497 3794 Poen.
524 3729 551 3805 Ι,
577 3732 594 3792 1
619 3750 733 3815 seqq.:

325 3821 327 3830 Ι
364 3842 490 3928 „Saepe
514 3862 577 3926 ego
601 3864 653 3907 res
676 3841 801 3906 multas
824 3840 887 3906 tibi
912 3839 1088 3919 mandaui,
1112 3837 1269 3924 Milphio,

362 3955 501 4035 DubiuS,
526 3977 659 4038 egenas,
683 3956 853 4041 inopiosas
877 3953 1029 4020 consili.”

315 4067 410 4132 Inter
444 4069 622 4154 scriptores
655 4069 818 4134 orationis
839 4067 968 4133 solutae
992 4064 1192 4152 praesertim
1215 4065 1356 4131 Tacitus
1378 4065 1439 4129 hac

271 4201 353 4246 voce
388 4181 459 4246 sive
498 4183 611 4268 potius
645 4182 755 4246 forma
789 4202 870 4246 usus
904 4187 963 4260 est,
998 4179 1090 4244 unde
1113 4178 1240 4264 pendet
1263 4178 1440 4262 genetivus

271 4301 329 4358 aut
349 4294 518 4362 ablativus
542 4297 584 4379 (e.
607 4317 639 4380 g.
662 4297 737 4381 spei,
760 4293 1004 4378 conameotibua).
