3040 5134
597 565 661 632 159

55 741 263 810 missionibus
286 739 381 808 omni
401 741 531 810 ratione
551 742 694 810 modum
714 743 887 831 imposuit,
905 743 928 830 ¹)
941 745 1001 832 qui
1020 745 1215 826 ,neminem

55 877 211 945 umquem
245 855 485 922 libertinorum
513 856 697 943 adhib(uit)
722 906 729 922 .
754 907 762 925 .
786 877 910 924 caenae
933 865 1076 945 excepto
1099 858 1213 940 Mena,

55 970 106 1035 sed
136 976 262 1036 esserto
285 970 322 1036 in
346 969 627 1054 ingenuitatem'',
652 969 678 1058 ’)
702 971 851 1038 eundem
873 970 1050 1038 libertinos
1072 1009 1116 1022 -
1139 971 1215 1038 illos

54 1089 132 1148 certe
145 1084 206 1170 qui
218 1083 358 1170 plenam
369 1082 562 1150 libertatem
574 1084 746 1150 consecuti
762 1105 831 1151 non
844 1091 955 1152 essent
966 1084 993 1171 8)
1002 1107 1098 1151 -ex
1110 1084 1215 1151 tribu·

54 1196 109 1263 bus
129 1197 322 1279 excludere,
346 1198 368 1263 i.
382 1219 410 1263 e.
432 1219 512 1263 cum
528 1197 690 1283 suffragio
703 1204 779 1264 tum
790 1197 953 1265 frumenti
969 1197 1132 1265 beneficio
1146 1199 1214 1285 pri·

54 1331 133 1392 vere,
155 1317 318 1377 conatum
342 1311 441 1377 esse?
463 1311 489 1398 4)
524 1311 652 1378 Pueros
676 1311 816 1398 quidem
829 1311 901 1398 ipse
910 1311 1103 1377 Mommsen
1115 1311 1215 1378 docet

52 1425 200 1491 nonnisi
223 1425 393 1510 ingenuos
415 1424 516 1491 fuisse
541 1425 665 1491 incisos
687 1425 860 1490 frumento
885 1423 1033 1511 publico.
1047 1425 1073 1513 Ι”)
1096 1424 1214 1492 Nihilo

53 1537 156 1604 minus
177 1545 297 1605 temen
320 1538 362 1604 ad
387 1544 572 1626 utrumque
596 1537 722 1605 multos
745 1538 909 1604 admissos
932 1560 1002 1605 esse
1015 1544 1118 1626 potet,
1132 1560 1214 1626 quo·

53 1673 120 1718 rum
156 1673 323 1718 numerus
357 1657 465 1719 aetate
489 1652 693 1739 procedente
716 1672 825 1738 usque
848 1652 992 1719 crevisse
1017 1651 1162 1720 videtur.
1187 1651 1214 1740 ο)

88 1781 110 1824 c.
155 1759 248 1840 Quod
264 1759 317 1824 tue
327 1758 573 1844 infrementem
581 1757 746 1844 publicum
759 1779 830 1823 com
843 1757 958 1823 bonore
967 1758 1108 1844 positum
1115 1757 1215 1843 sciere

51 1873 171 1955 uidetur,
197 1880 267 1939 tom
278 1872 451 1958 officiorum
462 1878 528 1937 erot
538 1872 761 1937 remuneratio.
773 1869 873 1949 Quod
886 1869 930 1936 od
944 1871 979 1935 1⁰
992 1893 999 1936 :
1013 1875 1113 1936 testes
1125 1870 1213 1937 mihi

52 1992 121 2050 sunt
154 1985 264 2051 tribus
297 1991 331 2051 et
364 1985 578 2050 frumentum
612 2005 630 2050 e
658 1982 795 2070 publico
819 1989 1020 2070 perceptum
1042 2004 1212 2049 nonnum·

53 2119 145 2185 quam
169 2098 274 2166 simul
297 2097 621 2165 commemoratam
645 2096 817 2184 lapidibus
830 2103 1044 2163 mortuorum
1056 2097 1214 2164 memori-

52 2233 84 2276 ae
105 2213 285 2300 inscriptis.
309 2211 336 2300 7)
358 2211 458 2291 Quod
474 2211 518 2277 ed
530 2211 567 2277 2⁰
579 2234 586 2278 :
599 2211 712 2297 cogite
723 2210 765 2277 de
778 2209 940 2296 vigilibus
953 2230 1100 2298 quorum
1113 2216 1163 2276 est
1174 2211 1214 2277 ti·

53 2325 133 2392 tulus
154 2325 189 2392 C.
212 2326 241 2392 Ι.
263 2326 302 2391 L.
327 2325 387 2407 VI,
412 2325 487 2404 220,
513 2325 574 2412 qui
596 2331 673 2412 post
695 2331 805 2391 certos
826 2346 935 2391 annos
960 2323 1101 2390 militiae
1124 2325 1214 2406 ,fru-

52 2539 162 2600 (llomme.
180 2541 197 2590 l.
217 2541 234 2590 l.
252 2556 304 2605 pag.
322 2540 388 2602 460).
423 2539 488 2604 Quid
504 2539 568 2604 quod
588 2538 724 2604 „peridem
742 2541 835 2603 tempus
851 2538 974 2593 ectumflin
988 2538 1107 2587 senetude
1124 2539 1212 2588 fren-

53 2624 146 2674 dibue
171 2622 350 2674 libertorum”i
379 2624 441 2686 (Teo.
468 2624 484 2671 l.
503 2622 520 2672 l.
549 2639 599 2689 cop.
623 2622 654 2670 26
672 2622 737 2682 init.)
769 2621 820 2670 Nec
837 2621 912 2686 megin
929 2621 990 2671 milri
1008 2620 1083 2686 liquet
1099 2638 1142 2671 cur
1159 2623 1176 2670 l.
1195 2621 1212 2671 l.

53 2723 97 2770 pag.
112 2709 158 2756 446
176 2723 232 2756 cum
249 2707 303 2756 adn.
324 2707 335 2754 l
355 2707 475 2755 Ammine.
493 2701 574 2764 XIIII,
592 2706 615 2762 6Ι
634 2707 648 2754 6
667 2731 698 2742 -
715 2705 780 2756 hunc
797 2720 889 2769 quoque
906 2705 986 2753 locum
1003 2705 1057 2753 vide
1074 2720 1145 2768 cupre
1159 2721 1212 2771 peg.

54 2789 94 2838 153
109 2791 161 2840 edu.
180 2791 195 2838 3
214 2818 246 2827 -
264 2790 349 2838 reseret
364 2790 394 2838 ed
412 2788 486 2838 solem
504 2787 597 2853 plebem
616 2789 801 2837 frumentariam.
829 2787 971 2836 contextum
987 2802 1117 2851 repugnare
1137 2787 1213 2837 credo.

83 2873 97 2933 ¹)
129 2874 164 2923 Os.
191 2875 253 2922 Suet.
280 2874 342 2936 Aug.
368 2873 400 2921 40
426 2876 449 2920 et
474 2871 594 2937 imprimit
620 2871 676 2919 boec
701 2870 786 2919 verbe:
805 2869 904 2934 „Servos
920 2886 968 2918 non
986 2872 1110 2919 contentus
1127 2869 1213 2920 multis

53 2955 219 3005 difficultatibus
244 2972 258 3005 e
283 2955 391 3005 libertate
416 2959 439 3004 et
463 2954 539 3003 multo
564 2953 674 3019 pluribus
691 2970 705 3002 e
721 2952 828 3002 libertate
845 2953 906 3001 iuste
922 2953 1056 3012 removisse,
1073 2969 1127 3002 eum
1144 2954 1214 3002 etde

54 3054 140 3088 numero
165 3043 188 3088 et
213 3039 242 3089 de
268 3039 402 3088 conditione
426 3053 453 3086 ac
478 3037 610 3086 differentia
634 3053 716 3085 eorum
734 3037 775 3100 qni
793 3037 1015 3085 manumitterentur
1031 3035 1121 3085 curiose
1137 3037 1212 3086 cerie·

55 3127 83 3170 eet
99 3161 104 3170 .
122 3161 127 3170 .
145 3161 150 3171 .
170 3159 176 3171 .
196 3161 201 3171 .
220 3159 227 3171 .
246 3120 268 3170 .'’
286 3121 323 3171 Of.
341 3121 410 3170 etiem
429 3120 476 3169 Dio
492 3120 557 3169 One.
574 3120 622 3178 LV,
643 3120 681 3177 13,
699 3120 722 3172 7.

82 3203 99 3264 ²)
131 3205 194 3254 Suet.
212 3207 273 3269 Aug.
292 3205 331 3257 74.

83 3288 100 3348 ³)
131 3289 213 3353 Cogite
229 3289 258 3337 de
275 3288 367 3337 Ietinis
384 3287 493 3336 Iunianie
510 3291 532 3336 et
548 3287 577 3335 de
593 3287 624 3335 iis
633 3286 674 3351 qui
684 3285 849 3334 dediticiorum
858 3301 957 3334 nomem
965 3289 1037 3336 erant.
1051 3286 1088 3336 Cf.
1099 3286 1212 3337 Momme.

55 3370 69 3418 l.
85 3371 100 3420 l.
116 3389 181 3437 pegg.
199 3372 256 3430 626,
276 3371 331 3420 141.

84 3455 102 3514 ⁴)
132 3456 167 3504 lte
186 3455 257 3504 etiem
275 3455 406 3512 Oeensem
424 3457 450 3502 ut
466 3452 559 3503 fraudes
576 3453 721 3517 reprimeret,
738 3450 1108 3502 multoelibertinoeinoolonier
1119 3454 1214 3503 minime

57 3552 117 3601 repre
140 3538 244 3587 vidimus
270 3544 331 3603 (pag.
351 3536 416 3592 147).
450 3537 486 3585 De
502 3520 670 3584 libertinorum
687 3534 780 3585 iuribus
798 3535 845 3584 iem
863 3540 917 3585 ente
933 3538 1066 3599 Augustum
1085 3537 1213 3587 identidem

57 3618 180 3671 imminutis
197 3623 226 3670 cl.
245 3621 334 3669 ibidem
351 3621 405 3669 edm.
423 3620 445 3668 6.

86 3703 102 3761 ⁸)
133 3705 243 3754 Momme.
261 3703 278 3753 l.
288 3704 306 3753 1.
323 3719 375 3768 pag.
392 3703 441 3756 44‘1
459 3719 506 3766 seq.
532 3702 568 3750 De
576 3702 640 3751 hicce
648 3703 726 3767 pueris
735 3702 764 3750 cs.
774 3703 836 3751 inire
845 3702 922 3766 Caput
930 3702 958 3750 de
966 3701 1094 3751 Alimentie
1103 3700 1214 3765 publicis.

85 3787 103 3845 1)
134 3787 237 3836 Omnino
254 3787 281 3835 in
298 3785 422 3835 libertinos
438 3790 558 3851 praecepte
574 3786 642 3834 firme
659 3790 682 3834 et
698 3784 793 3834 stabilio
808 3800 856 3832 non
872 3788 945 3833 erent.
980 3785 1017 3833 Oi.
1032 3784 1144 3833 Momme.
1161 3785 1178 3834 l.
1197 3784 1215 3833 l.

58 3883 96 3932 pig
127 3870 174 3918 443
199 3887 247 3934 seq.
284 3870 317 3918 De
343 3869 454 3933 suffmgio
480 3869 614 3918 Mommsen
632 3867 657 3929 (l.
676 3867 693 3916 l.
711 3884 762 3932 peg.
781 3868 854 3928 44I):
874 3868 931 3931 „OEs
948 3868 989 3927 ist)
1005 3866 1069 3916 wohl
1085 3866 1214 3931 gleublich,

61 3950 107 4000 dere
122 3969 145 4001 er
162 3957 202 4014 (ec.
220 3955 350 4014 Ancuetue)
370 3988 500 4002 ......
518 3952 564 4000 den
572 3950 762 4013 I'reigeleeeeuen
772 3951 813 4000 dee
822 3949 974 4000 Stimmrecht
985 3950 1052 4000 nieht
1060 3948 1124 3998 bloee
1132 3951 1158 3999 in
1170 3951 1214 4000 den

61 4032 185 4085 ltndliclren
214 4036 301 4085 Tribus
330 4035 468 4099 unb'edingt,
503 4036 603 4084 eondern
628 4034 697 4093 euch,
726 4032 921 4083 vielleioht
950 4033 1014 4084 mit
1040 4033 1216 4083 Annebme

60 4116 235 4168 einzelner
259 4119 477 4184 Ketegorien
503 4118 583 4167 oder
611 4117 838 4174 Indiuiduen,
863 4117 952 4166 inden
970 4116 1111 4166 etbdtiechen
1129 4115 1216 4164 Tribus

60 4207 142 4266 τοτυμ
156 4202 219 4252 ληίδ’
353 4265 355 4270 Ι

89 4282 106 4344 ⁷)
137 4287 164 4336 O,
182 4285 201 4334 l.
219 4286 250 4338 Ia..
264 4285 305 4346 VI,
324 4285 405 4335 10220
423 4288 465 4349 (=
483 4285 580 4335 Henren
597 4283 681 4345 6682),
699 4299 733 4332 ve.
752 4283 767 4332 6
786 4297 866 4348 eeqq.:
