3040 5134
599 618 662 689 133

47 805 154 886 ptum.
181 799 209 887 ¹)
233 801 281 866 Et
297 821 372 868 cum
384 800 512 886 exlege
525 802 685 870 Terentia
697 807 731 868 et
742 802 857 870 Cassia
869 801 1052 868 hominum
1063 799 1212 882 milibus,

48 913 74 978 si
101 914 302 980 Mommsen
324 913 348 1002 1)
371 915 532 1002 aequoria,
557 916 691 982 circiter
718 915 955 1003 quadraginta,
979 915 1007 980 si
1031 915 1215 981 Contereni

48 1033 80 1092 et
101 1028 224 1108 Kuhn‚
250 1026 277 1113 3)
300 1029 475 1114 sexaginta
498 1029 712 1095 frumentum
731 1029 867 1116 publice
882 1034 968 1094 esset
979 1026 1215 1110 distributum,

48 1161 164 1207 eorum
198 1162 364 1207 numerus
398 1162 488 1208 anno
522 1143 587 1208 692
623 1148 774 1208 trecenta
798 1140 893 1208 milia
916 1141 1018 1206 fuisse
1042 1141 1216 1227 putandus

49 1259 104 1319 est.
129 1254 156 1341 4)
201 1254 282 1319 Non
305 1260 419 1320 tamen
443 1255 544 1322 factio
567 1255 710 1322 adversa
734 1255 840 1322 otiosa
863 1261 945 1321 erat.
970 1253 1109 1321 Clodius
1121 1254 1215 1320 enim

49 1367 123 1450 (696
147 1388 176 1432 a.
201 1389 234 1433 ιι.
259 1388 288 1433 c.
313 1395 348 1430 =
371 1368 414 1433 58
438 1383 472 1434 a:
493 1368 573 1435 Chr.
599 1371 646 1456 n.)
673 1368 954 1446 „frumentariam
977 1366 1215 1452 legerntulit,''

49 1481 162 1546 omnia
195 1481 310 1567 priora
343 1481 484 1548 consilia
511 1488 784 1569 exsuperantem,
812 1487 871 1563 „ut
893 1481 1042 1566 gratuito
1066 1481 1214 1568 populus

49 1594 244 1680 acciperet.’'
281 1595 306 1682 5)
342 1595 388 1660 At
422 1616 502 1662 vero
526 1595 574 1660 ita
597 1615 650 1660 ros
672 1593 811 1682 publica
833 1616 970 1682 prorsus
994 1594 1213 1661 atterebatur.

49 1707 187 1773 Accedit
221 1708 314 1795 quod
349 1729 468 1775 eorum
504 1709 563 1795 qui
598 1730 659 1795 per
682 1707 801 1774 dolum
823 1708 912 1773 inter
936 1708 1140 1794 accipientes
1164 1709 1215 1774 in·

49 1825 202 1906 reperent
236 1821 373 1889 videtur
396 1823 497 1888 fuisse
521 1843 686 1888 numerus
710 1821 803 1887 haud
827 1821 982 1906 exiguus.
1007 1821 1101 1900 Quin
1114 1821 1214 1888 multi

49 1932 89 1998 ob
123 1935 157 1999 id
191 1935 307 2022 ipsum
342 1957 456 2003 servos
479 1957 556 2002 suos
581 1934 879 2017 manumittebant‚
904 1941 943 2001 ut
965 1957 1026 2023 per
1049 1934 1125 2000 illos
1147 1935 1215 2000 iru-

50 2048 296 2114 mentationum
320 2049 502 2136 participes
524 2055 645 2116 essent.
666 2049 692 2136 6)
719 2049 841 2137 Itaque
862 2049 1080 2134 magistratus
1102 2070 1214 2115 neces·

50 2161 132 2227 sario
166 2161 377 2248 cogebantur
411 2163 592 2250 anquirere
616 2164 760 2251 quinam
782 2163 819 2228 in
842 2161 1061 2248 largitionem
1083 2163 1136 2229 ius
1155 2161 1214 2228 ha·

50 2273 172 2357 berent,
187 2276 246 2364 qui
259 2298 329 2342 non
343 2275 517 2342 haberent.
543 2277 643 2356 Quod
656 2298 747 2343 anno
759 2299 789 2342 a.
803 2298 836 2343 u.
849 2297 878 2344 c.
892 2276 955 2343 697
970 2277 1004 2364 (a
1015 2277 1096 2343 Chr.
1108 2299 1142 2344 n.
1156 2276 1213 2362 57)

48 2384 246 2476 Pompeium
272 2389 412 2477 quidem
424 2391 541 2457 fecisse
554 2391 641 2458 mihi
654 2390 815 2478 persuasi,
828 2411 908 2458 cum
926 2412 1006 2478 „per
1016 2390 1213 2478 'quinquen-

50 2501 141 2568 nium
163 2504 275 2571 omnis
298 2510 446 2591 potestas
469 2505 518 2571 rei
542 2505 784 2571 frumentariae
804 2510 875 2570 toto
888 2503 968 2572 orbe
981 2504 1171 2570 terrarum''
1185 2503 1212 2591 7)

50 2615 77 2680 ei
99 2615 177 2682 data
198 2623 295 2683 esset.
343 2617 431 2683 Rern
456 2617 578 2703 colligo
601 2641 619 2684 e
644 2619 764 2685 Dionis
786 2618 962 2700 memoria,
987 2617 1084 2684 ouius
1107 2615 1213 2682 verba

49 2727 127 2795 haec
149 2737 247 2796 sunt:
275 2731 341 2800 ικαὶ
365 2731 378 2791 ὁ
399 2730 559 2808 Πομπήιος
580 2729 654 2812 ἔσχε
674 2730 730 2809 μὲν
750 2734 799 2794 καὶ
819 2728 848 2791 ἓν
868 2740 906 2820 τῇ
927 2737 979 2792 τοῦ
989 2735 1072 2790 σίτου
1083 2730 1210 2790 διαδόσει

79 2949 95 3010 l)
128 2952 202 3018 Marq.
221 2953 238 3002 1.
257 2953 274 3003 1.
292 2971 344 3019 pag.
364 2955 410 3007 117
429 2972 483 3005 cum
500 2957 554 3006 adn.
574 2957 597 3006 1.

78 3033 96 3093 1)
129 3034 239 3085 Momma.
256 3037 286 3086 R.
304 3037 332 3086 G.
350 3038 400 3087 111³
417 3055 468 3103 pag.
487 3039 517 3088 25
535 3055 590 3088 cum
607 3039 663 3094 adn.
681 3039 703 3088 2.

77 3115 95 3174 3)
129 3118 253 3168 Oontareui
272 3119 288 3168 1.
307 3120 324 3169 1.
342 3137 393 3185 pag.
413 3123 460 3179 59;
480 3121 552 3171 Kuhn
569 3122 587 3172 1.
605 3122 622 3172 l.
643 3139 696 3188 pag.
714 3121 787 3170 100³.

78 3199 97 3259 ⁴)
129 3200 164 3250 Cf.
183 3203 259 3266 Marq.
278 3202 322 3252 l.l
348 3219 400 3268 pag.
419 3204 466 3256 117
486 3205 540 3254 adn.
560 3206 581 3254 1.

77 3281 96 3341 ι)
128 3283 202 3333 Sobel.
220 3285 278 3333 Bob.
297 3285 322 3334 in
340 3286 389 3334 Cio.
407 3287 472 3336 Orat.
490 3304 524 3352 pr.
544 3289 601 3339 Seat.
619 3305 671 3353 pag.
690 3288 737 3337 301
756 3288 798 3337 Or.
813 3287 849 3336 cf.
859 3288 943 3336 Ancon.
954 3287 980 3344 in
989 3287 1069 3334 Pison.
1079 3301 1131 3350 pag.
1143 3287 1157 3334 9
1168 3285 1209 3335 Or.

49 3363 129 3412 dudem
153 3382 188 3416 rea
212 3373 322 3417 narratur
347 3386 360 3418 a
386 3370 462 3419 Diona
487 3371 630 3432 (XXXVIII,
650 3372 689 3429 13,
708 3372 739 3432 1),
757 3371 798 3436 qui
816 3371 882 3420 locus
900 3371 1059 3419 videturesse
1077 3371 1210 3433 corruptus.

49 3444 106 3494 Mihi
130 3449 196 3498 valde
220 3450 309 3499 arridet
334 3451 404 3500 lectio
430 3469 500 3517 quam
515 3453 561 3518 legi
578 3454 641 3520 apud
660 3454 764 3515 Madvig.
781 3454 798 3503 1.
814 3453 831 3502 l.
850 3470 902 3518 pag.
921 3454 969 3502 360
986 3453 1040 3502 adn.
1059 3455 1090 3503 3:
1111 3451 1143 3518 pb
1162 3439 1210 3510 οὖν

49 3535 169 3609 Κλώδιος
188 3537 315 3611 ἒλτίσας
336 3539 423 3602 αὐτὲν
443 3543 489 3603 διὰ
510 3549 617 3616 ταῦτα,
638 3544 674 3603 ἂν
694 3546 749 3613 τήν
768 3564 802 3604 τε
820 3543 934 3617 βουλὴν
954 3546 1003 3606 καὶ
1023 3546 1211 3618 τοὺςὶττέας

50 3629 96 3690 τόν
115 3653 147 3692 τε
166 3633 269 3712 ὅμιλον
290 3642 621 3714 τροταρασιιευάσηται,
643 3639 725 3721 ταχὺ
745 3641 1068 3717 κατεργάσεσθαι,’τόν
1079 3663 1113 3702 τε
1127 3653 1210 3704 σῖτον

50 3737 146 3802 προῖκα
176 3722 274 3807 (αὖθις
304 3734 452 3811 διενέμετο
483 3736 556 3814 γὰρ)
587 3742 766 3815 μετρεῖσθαι
787 3750 848 3807 τοῖς
868 3735 997 3814 ἀπόροις,
1020 3743 1072 3798 τοῦ
1092 3760 1126 3800 τε
1148 3740 1208 3799 Γα-

51 3821 132 3893 βινίου
160 3829 213 3900 ἤδη
244 3831 293 3892 καὶ
321 3835 373 3890 τοῦ
392 3833 527 3904 Πίσωνος
547 3835 761 3911 ὑπατευόντων,
785 3834 991 3912 ἓτηγὴσατο.”
1014 3840 1055 3905 [In
1073 3839 1140 3888 codd.
1157 3845 1207 3889 eat:

54 3919 115 3983 uro'v
133 3943 164 3982 τε
184 3935 268 3986 σῖτον
288 3937 394 4002 προῖκα
416 3917 504 4000 αὖθις
524 3930 642 4008 διένειμε
664 3930 711 4010 (τὸ
732 3933 795 4008 γὰρ
812 3936 991 4009 μετρεῖσθαι
1010 3941 1070 3999 τοῖς
1090 3927 1209 4007 ἁτὸροις

51 4031 69 4064 t.
84 4033 105 4081 q.
121 4021 174 4086 a.)'']
209 4023 276 4072 Alius
303 4025 448 4075 coniecturas
474 4026 528 4076 vide
552 4030 615 4094 apud
641 4031 778 4080 Boissevain
795 4032 824 4079 ad
841 4030 905 4079 hunc
921 4030 1008 4090 locum,
1026 4031 1068 4095 qui
1085 4035 1163 4080 tamen
1180 4033 1209 4081 de

52 4097 156 4166 Madvigii
169 4105 261 4156 nullam
280 4109 423 4158 mentionem
445 4111 508 4159 facit.
1046 4122 1047 4126 ’

80 4182 98 4242 ⁶)
128 4185 162 4236 cf.
178 4189 262 4239 Diouis
280 4190 359 4239 locum
377 4192 521 4258 iamiamque
538 4194 563 4243 iu
581 4195 624 4244 hac
641 4196 692 4261 ipsa
709 4197 794 4260 pagina
811 4197 932 4246 laudatum
950 4199 1067 4260 (XXXIX,
1086 4198 1125 4256 24,
1144 4198 1168 4259 1)
1185 4201 1209 4247 et

53 4263 140 4330 Dionys.
158 4271 233 4323 Halic.
251 4273 293 4332 lv,
313 4275 353 4332 24,
373 4277 394 4324 5.

82 4345 99 4408 ²)
128 4351 173 4404 cie.
190 4357 228 4406 Ad
244 4358 295 4407 Att.
315 4357 357 4415 IV,
377 4358 399 4418 1,
418 4358 441 4412 7.
