<?xml version="1.0" encoding="UTF-8"?>
<!DOCTYPE html PUBLIC "-//W3C//DTD XHTML 1.0 Transitional//EN"
    "http://www.w3.org/TR/xhtml1/DTD/xhtml1-transitional.dtd">
<html xmlns="http://www.w3.org/1999/xhtml" xml:lang="en" lang="en">
 <head>
  <title>
</title>
<meta http-equiv="Content-Type" content="text/html;charset=utf-8" />
  <meta name='ocr-system' content='tesseract 3.04.00' />
  <meta name='ocr-capabilities' content='ocr_page ocr_carea ocr_par ocr_line ocrx_word'/>
</head>
<body>
  <div class='ocr_page' id='page_1' title='image "./depauperumcuraa01essegoog_0018.png"; bbox 0 0 3122 5130; ppageno 0'>
   <div class='ocr_carea' id='block_1_1' title="bbox 93 1767 1355 2986">
    <p class='ocr_par' dir='ltr' id='par_1_1' title="bbox 93 1767 1355 2986">
     <span class='ocr_line' id='line_1_1' title="bbox 143 1767 1276 1857; baseline -0.004 -21"><span class='ocrx_word' id='word_1_1' title='bbox 143 1770 300 1857; x_wconf 88' lang='lat' dir='ltr'><em>Opusculo</em></span> <span class='ocrx_word' id='word_1_2' title='bbox 334 1793 398 1833; x_wconf 87' lang='lat' dir='ltr'><em>meo</em></span> <span class='ocrx_word' id='word_1_3' title='bbox 421 1771 464 1833; x_wconf 88' lang='lat' dir='ltr'><em>ad</em></span> <span class='ocrx_word' id='word_1_4' title='bbox 482 1771 572 1846; x_wconf 68' lang='lat' dir='ltr'><em>finem</em></span> <span class='ocrx_word' id='word_1_5' title='bbox 591 1771 739 1854; x_wconf 87' lang='lat' dir='ltr'><em>perducto</em></span> <span class='ocrx_word' id='word_1_6' title='bbox 761 1767 940 1851; x_wconf 72' lang='lat' dir='ltr'><em>facultatem</em></span> <span class='ocrx_word' id='word_1_7' title='bbox 960 1769 1036 1834; x_wconf 91' lang='lat' dir='ltr'><em>mihi</em></span> <span class='ocrx_word' id='word_1_8' title='bbox 1059 1767 1193 1833; x_wconf 77' lang='lat' dir='ltr'><em>obhtlam</em></span> <span class='ocrx_word' id='word_1_9' title='bbox 1216 1791 1276 1832; x_wconf 88' lang='lat' dir='ltr'><em>esse</em></span> 
     </span>
     <span class='ocr_line' id='line_1_2' title="bbox 93 1880 1275 1970; baseline -0.004 -20"><span class='ocrx_word' id='word_1_10' title='bbox 93 1888 225 1970; x_wconf 77' lang='lat' dir='ltr'><em>pantica,</em></span> <span class='ocrx_word' id='word_1_11' title='bbox 261 1895 297 1946; x_wconf 91' lang='lat' dir='ltr'><em>nt</em></span> <span class='ocrx_word' id='word_1_12' title='bbox 331 1907 366 1946; x_wconf 86' lang='lat' dir='ltr'><em>cr</em></span> <span class='ocrx_word' id='word_1_13' title='bbox 399 1885 502 1947; x_wconf 88' lang='lat' dir='ltr'><em>animo</em></span> <span class='ocrx_word' id='word_1_14' title='bbox 535 1883 616 1947; x_wconf 85' lang='lat' dir='ltr'><em>vobis</em></span> <span class='ocrx_word' id='word_1_15' title='bbox 646 1884 765 1968; x_wconf 80' lang='lat' dir='ltr'><em>pretias</em></span> <span class='ocrx_word' id='word_1_16' title='bbox 788 1906 889 1968; x_wconf 72' lang='lat' dir='ltr'><em>epam,</em></span> <span class='ocrx_word' id='word_1_17' title='bbox 913 1884 972 1946; x_wconf 90' lang='lat' dir='ltr'><em>oiri</em></span> <span class='ocrx_word' id='word_1_18' title='bbox 995 1883 1166 1958; x_wconf 83' lang='lat' dir='ltr'><em>clarissimi,</em></span> <span class='ocrx_word' id='word_1_19' title='bbox 1191 1880 1275 1945; x_wconf 86' lang='lat' dir='ltr'><em>Aca·</em></span> 
     </span>
     <span class='ocr_line' id='line_1_3' title="bbox 95 1996 1276 2082; baseline -0.005 -20"><span class='ocrx_word' id='word_1_20' title='bbox 95 2000 215 2062; x_wconf 74' lang='lat' dir='ltr'><em>aurulae</em></span> <span class='ocrx_word' id='word_1_21' title='bbox 250 1997 379 2061; x_wconf 78' lang='lat' dir='ltr'><strong><em>Liberae</em></strong></span> <span class='ocrx_word' id='word_1_22' title='bbox 414 1997 614 2077; x_wconf 82' lang='lat' dir='ltr'><em>Reformatae</em></span> <span class='ocrx_word' id='word_1_23' title='bbox 647 1997 849 2076; x_wconf 84' lang='lat' dir='ltr'><em>Professores,</em></span> <span class='ocrx_word' id='word_1_24' title='bbox 885 2019 1015 2082; x_wconf 90' lang='lat' dir='ltr'><em>quorum</em></span> <span class='ocrx_word' id='word_1_25' title='bbox 1045 2018 1111 2058; x_wconf 88' lang='lat' dir='ltr'><em>cum</em></span> <span class='ocrx_word' id='word_1_26' title='bbox 1139 1996 1276 2059; x_wconf 85' lang='lat' dir='ltr'><em>doctrina</em></span> 
     </span>
     <span class='ocr_line' id='line_1_4' title="bbox 99 2107 1273 2194; baseline -0.003 -21"><span class='ocrx_word' id='word_1_27' title='bbox 99 2123 164 2174; x_wconf 85' lang='lat' dir='ltr'><em>tum</em></span> <span class='ocrx_word' id='word_1_28' title='bbox 198 2110 397 2174; x_wconf 71' lang='lat' dir='ltr'><em>benevolentia</em></span> <span class='ocrx_word' id='word_1_29' title='bbox 431 2121 521 2194; x_wconf 81' lang='lat' dir='ltr'><em>atque</em></span> <span class='ocrx_word' id='word_1_30' title='bbox 554 2109 742 2172; x_wconf 75' lang='lat' dir='ltr'><em>humanitate</em></span> <span class='ocrx_word' id='word_1_31' title='bbox 779 2121 840 2172; x_wconf 89' lang='lat' dir='ltr'><em>tam</em></span> <span class='ocrx_word' id='word_1_32' title='bbox 875 2111 928 2172; x_wconf 78' lang='lat' dir='ltr'><em>eliu</em></span> <span class='ocrx_word' id='word_1_33' title='bbox 961 2109 1030 2192; x_wconf 88' lang='lat' dir='ltr'><em>frui</em></span> <span class='ocrx_word' id='word_1_34' title='bbox 1060 2108 1138 2173; x_wconf 89' lang='lat' dir='ltr'><em>mihi</em></span> <span class='ocrx_word' id='word_1_35' title='bbox 1160 2107 1273 2171; x_wconf 89' lang='lat' dir='ltr'><em>licebat.</em></span> 
     </span>
     <span class='ocr_line' id='line_1_5' title="bbox 97 2222 1355 2307; baseline -0.002 -21"><span class='ocrx_word' id='word_1_36' title='bbox 97 2223 226 2306; x_wconf 79' lang='lat' dir='ltr'><em>Semper</em></span> <span class='ocrx_word' id='word_1_37' title='bbox 249 2225 352 2286; x_wconf 91' lang='lat' dir='ltr'><em>animo</em></span> <span class='ocrx_word' id='word_1_38' title='bbox 375 2243 440 2287; x_wconf 88' lang='lat' dir='ltr'><em>meo</em></span> <span class='ocrx_word' id='word_1_39' title='bbox 458 2228 583 2307; x_wconf 81' lang='lat' dir='ltr'><em>penitae</em></span> <span class='ocrx_word' id='word_1_40' title='bbox 606 2223 772 2286; x_wconf 76' lang='lat' dir='ltr'><em>inhaerebit</em></span> <span class='ocrx_word' id='word_1_41' title='bbox 787 2223 1105 2286; x_wconf 84' lang='lat' dir='ltr'><em>iucundissimauestri</em></span> <span class='ocrx_word' id='word_1_42' title='bbox 1119 2222 1273 2287; x_wconf 87' lang='lat' dir='ltr'><em>memoria.</em></span> <span class='ocrx_word' id='word_1_43' title='bbox 1352 2267 1355 2275; x_wconf 84' lang='lat'><em>.</em></span> 
     </span>
     <span class='ocr_line' id='line_1_6' title="bbox 97 2335 1274 2426; baseline -0.002 -27"><span class='ocrx_word' id='word_1_44' title='bbox 97 2337 269 2426; x_wconf 71' lang='lat' dir='ltr'><em>⁸Praecipue</em></span> <span class='ocrx_word' id='word_1_45' title='bbox 296 2348 397 2399; x_wconf 89' lang='lat' dir='ltr'><em>autem</em></span> <span class='ocrx_word' id='word_1_46' title='bbox 428 2359 488 2420; x_wconf 92' lang='lat' dir='ltr'><em>pro</em></span> <span class='ocrx_word' id='word_1_47' title='bbox 510 2337 674 2420; x_wconf 88' lang='lat' dir='ltr'><em>impertitis</em></span> <span class='ocrx_word' id='word_1_48' title='bbox 700 2336 774 2398; x_wconf 87' lang='lat' dir='ltr'><em>mihi</em></span> <span class='ocrx_word' id='word_1_49' title='bbox 793 2337 962 2420; x_wconf 84' lang='lat' dir='ltr'><em>praeceptis</em></span> <span class='ocrx_word' id='word_1_50' title='bbox 985 2335 1150 2422; x_wconf 73' lang='lat' dir='ltr'><em>scholisque</em></span> <span class='ocrx_word' id='word_1_51' title='bbox 1174 2336 1274 2418; x_wconf 86' lang='lat' dir='ltr'><em>capli-</em></span> 
     </span>
     <span class='ocr_line' id='line_1_7' title="bbox 98 2443 1271 2534; baseline 0.001 -23"><span class='ocrx_word' id='word_1_52' title='bbox 98 2453 175 2512; x_wconf 89' lang='lat' dir='ltr'><em>catis</em></span> <span class='ocrx_word' id='word_1_53' title='bbox 205 2461 330 2533; x_wconf 78' lang='lat' dir='ltr'><em>pratum</em></span> <span class='ocrx_word' id='word_1_54' title='bbox 365 2451 501 2512; x_wconf 87' lang='lat' dir='ltr'><em>animum</em></span> <span class='ocrx_word' id='word_1_55' title='bbox 529 2451 584 2512; x_wconf 88' lang='lat' dir='ltr'><em>tibi</em></span> <span class='ocrx_word' id='word_1_56' title='bbox 609 2451 768 2534; x_wconf 81' lang='lat' dir='ltr'><em>profiteor,</em></span> <span class='ocrx_word' id='word_1_57' title='bbox 793 2449 955 2512; x_wconf 69' lang='lat' dir='ltr'><em>clarissime</em></span> <span class='ocrx_word' id='word_1_58' title='bbox 983 2447 1150 2524; x_wconf 74' lang='lat' dir='ltr'><em>Wourcus‚</em></span> <span class='ocrx_word' id='word_1_59' title='bbox 1175 2443 1271 2512; x_wconf 78' lang='lat' dir='ltr'><em>leono-</em></span> 
     </span>
     <span class='ocr_line' id='line_1_8' title="bbox 98 2562 1273 2647; baseline 0 -23"><span class='ocrx_word' id='word_1_60' title='bbox 98 2563 253 2625; x_wconf 86' lang='lat' dir='ltr'><em>ratissime</em></span> <span class='ocrx_word' id='word_1_61' title='bbox 290 2565 394 2627; x_wconf 85' lang='lat' dir='ltr'><em>doctor</em></span> <span class='ocrx_word' id='word_1_62' title='bbox 428 2575 457 2626; x_wconf 89' lang='lat' dir='ltr'><em>ct</em></span> <span class='ocrx_word' id='word_1_63' title='bbox 486 2563 673 2647; x_wconf 82' lang='lat' dir='ltr'><em>promotor!</em></span> <span class='ocrx_word' id='word_1_64' title='bbox 730 2563 771 2626; x_wconf 89' lang='lat' dir='ltr'><em>In</em></span> <span class='ocrx_word' id='word_1_65' title='bbox 806 2563 859 2626; x_wconf 92' lang='lat' dir='ltr'><em>hoc</em></span> <span class='ocrx_word' id='word_1_66' title='bbox 892 2562 1034 2647; x_wconf 88' lang='lat' dir='ltr'><em>opusculo</em></span> <span class='ocrx_word' id='word_1_67' title='bbox 1070 2563 1273 2647; x_wconf 86' lang='lat' dir='ltr'><em>componendo</em></span> 
     </span>
     <span class='ocr_line' id='line_1_9' title="bbox 99 2675 1275 2761; baseline 0.001 -25"><span class='ocrx_word' id='word_1_68' title='bbox 99 2677 215 2738; x_wconf 86' lang='lat' dir='ltr'><em>mirum</em></span> <span class='ocrx_word' id='word_1_69' title='bbox 239 2687 386 2761; x_wconf 83' lang='lat' dir='ltr'><em>quantum</em></span> <span class='ocrx_word' id='word_1_70' title='bbox 412 2676 552 2739; x_wconf 88' lang='lat' dir='ltr'><em>utilitatis</em></span> <span class='ocrx_word' id='word_1_71' title='bbox 575 2677 651 2738; x_wconf 90' lang='lat' dir='ltr'><em>mihi</em></span> <span class='ocrx_word' id='word_1_72' title='bbox 668 2677 876 2760; x_wconf 91' lang='lat' dir='ltr'><em>praebuerunt</em></span> <span class='ocrx_word' id='word_1_73' title='bbox 898 2687 927 2738; x_wconf 89' lang='lat' dir='ltr'><em>et</em></span> <span class='ocrx_word' id='word_1_74' title='bbox 950 2677 1067 2740; x_wconf 87' lang='lat' dir='ltr'><em>monita</em></span> <span class='ocrx_word' id='word_1_75' title='bbox 1092 2675 1275 2756; x_wconf 66' lang='lat' dir='ltr'><em>temonibus</em></span> 
     </span>
     <span class='ocr_line' id='line_1_10' title="bbox 100 2790 1275 2874; baseline 0 -23"><span class='ocrx_word' id='word_1_76' title='bbox 100 2812 149 2851; x_wconf 87' lang='lat' dir='ltr'><em>me</em></span> <span class='ocrx_word' id='word_1_77' title='bbox 186 2790 331 2852; x_wconf 82' lang='lat' dir='ltr'><em>adiuuare</em></span> <span class='ocrx_word' id='word_1_78' title='bbox 365 2812 481 2873; x_wconf 88' lang='lat' dir='ltr'><em>semper</em></span> <span class='ocrx_word' id='word_1_79' title='bbox 512 2813 579 2853; x_wconf 88' lang='lat' dir='ltr'><em>eros</em></span> <span class='ocrx_word' id='word_1_80' title='bbox 602 2801 745 2874; x_wconf 87' lang='lat' dir='ltr'><em>paratus,</em></span> <span class='ocrx_word' id='word_1_81' title='bbox 770 2801 798 2852; x_wconf 89' lang='lat' dir='ltr'><em>et</em></span> <span class='ocrx_word' id='word_1_82' title='bbox 818 2790 971 2874; x_wconf 90' lang='lat' dir='ltr'><em>pretiosae</em></span> <span class='ocrx_word' id='word_1_83' title='bbox 995 2790 1183 2854; x_wconf 83' lang='lat' dir='ltr'><em>bibliothecae</em></span> <span class='ocrx_word' id='word_1_84' title='bbox 1207 2801 1275 2852; x_wconf 89' lang='lat' dir='ltr'><em>tuoe</em></span> 
     </span>
     <span class='ocr_line' id='line_1_11' title="bbox 102 2901 1274 2986; baseline 0 -22"><span class='ocrx_word' id='word_1_85' title='bbox 102 2925 173 2964; x_wconf 89' lang='lat' dir='ltr'><em>usus</em></span> <span class='ocrx_word' id='word_1_86' title='bbox 207 2902 347 2965; x_wconf 87' lang='lat' dir='ltr'><em>liberalis.</em></span> <span class='ocrx_word' id='word_1_87' title='bbox 399 2901 526 2965; x_wconf 82' lang='lat' dir='ltr'><em>Utinam</em></span> <span class='ocrx_word' id='word_1_88' title='bbox 563 2903 657 2978; x_wconf 86' lang='lat' dir='ltr'><em>Deus,</em></span> <span class='ocrx_word' id='word_1_89' title='bbox 695 2903 847 2968; x_wconf 85' lang='lat' dir='ltr'><em>Dominus</em></span> <span class='ocrx_word' id='word_1_90' title='bbox 880 2915 990 2978; x_wconf 85' lang='lat' dir='ltr'><em>noster,</em></span> <span class='ocrx_word' id='word_1_91' title='bbox 1026 2904 1174 2986; x_wconf 76' lang='lat' dir='ltr'><em>beneficiis</em></span> <span class='ocrx_word' id='word_1_92' title='bbox 1200 2904 1274 2984; x_wconf 89' lang='lat' dir='ltr'><em>suis</em></span> 
     </span>
    </p>
   </div>
   <div class='ocr_carea' id='block_1_2' title="bbox 100 3015 1273 3102">
    <p class='ocr_par' dir='ltr' id='par_1_2' title="bbox 100 3015 1273 3102">
     <span class='ocr_line' id='line_1_12' title="bbox 100 3015 1273 3102; baseline 0.004 -29"><span class='ocrx_word' id='word_1_93' title='bbox 100 3015 231 3078; x_wconf 67' lang='lat' dir='ltr'><em>‹zumulet</em></span> <span class='ocrx_word' id='word_1_94' title='bbox 266 3017 400 3079; x_wconf 91' lang='lat' dir='ltr'><em>omnium</em></span> <span class='ocrx_word' id='word_1_95' title='bbox 434 3027 565 3078; x_wconf 86' lang='lat' dir='ltr'><em>nestrum</em></span> <span class='ocrx_word' id='word_1_96' title='bbox 593 3017 789 3100; x_wconf 81' lang='lat' dir='ltr'><em>pravissimos</em></span> <span class='ocrx_word' id='word_1_97' title='bbox 812 3017 938 3093; x_wconf 77' lang='lat' dir='ltr'><em>labores,</em></span> <span class='ocrx_word' id='word_1_98' title='bbox 962 3039 1036 3102; x_wconf 80' lang='lat' dir='ltr'><em>quos</em></span> <span class='ocrx_word' id='word_1_99' title='bbox 1065 3017 1273 3093; x_wconf 77' lang='lat' dir='ltr'><em>Universitati</em></span> 
     </span>
    </p>
   </div>
   <div class='ocr_carea' id='block_1_3' title="bbox 99 3127 1275 3781">
    <p class='ocr_par' dir='ltr' id='par_1_3' title="bbox 100 3127 1007 3214">
     <span class='ocr_line' id='line_1_13' title="bbox 100 3127 1007 3214; baseline 0.002 -25"><span class='ocrx_word' id='word_1_100' title='bbox 100 3127 240 3205; x_wconf 73' lang='lat' dir='ltr'><em>Litteris,</em></span> <span class='ocrx_word' id='word_1_101' title='bbox 265 3128 395 3193; x_wconf 89' lang='lat' dir='ltr'><em>Patriae</em></span> <span class='ocrx_word' id='word_1_102' title='bbox 413 3129 544 3212; x_wconf 83' lang='lat' dir='ltr'><em>profore</em></span> <span class='ocrx_word' id='word_1_103' title='bbox 566 3131 658 3192; x_wconf 88' lang='lat' dir='ltr'><em>etiam</em></span> <span class='ocrx_word' id='word_1_104' title='bbox 682 3141 771 3207; x_wconf 83' lang='lat' dir='ltr'><em>atque</em></span> <span class='ocrx_word' id='word_1_105' title='bbox 792 3131 888 3192; x_wconf 89' lang='lat' dir='ltr'><em>etiam</em></span> <span class='ocrx_word' id='word_1_106' title='bbox 910 3152 1007 3214; x_wconf 88' lang='lat' dir='ltr'><em>spero.</em></span> 
     </span>
    </p>

    <p class='ocr_par' dir='ltr' id='par_1_4' title="bbox 99 3241 1275 3781">
     <span class='ocr_line' id='line_1_14' title="bbox 145 3241 1274 3327; baseline 0.003 -23"><span class='ocrx_word' id='word_1_107' title='bbox 145 3241 256 3305; x_wconf 83' lang='lat' dir='ltr'><em>Restat</em></span> <span class='ocrx_word' id='word_1_108' title='bbox 289 3254 323 3304; x_wconf 90' lang='lat' dir='ltr'><em>ut</em></span> <span class='ocrx_word' id='word_1_109' title='bbox 356 3243 465 3304; x_wconf 87' lang='lat' dir='ltr'><em>diserte</em></span> <span class='ocrx_word' id='word_1_110' title='bbox 483 3243 591 3320; x_wconf 82' lang='lat' dir='ltr'><em>paucis</em></span> <span class='ocrx_word' id='word_1_111' title='bbox 612 3244 730 3326; x_wconf 81' lang='lat' dir='ltr'><em>pretias</em></span> <span class='ocrx_word' id='word_1_112' title='bbox 754 3266 844 3326; x_wconf 81' lang='lat' dir='ltr'><em>apem</em></span> <span class='ocrx_word' id='word_1_113' title='bbox 868 3244 959 3307; x_wconf 87' lang='lat' dir='ltr'><em>etiam</em></span> <span class='ocrx_word' id='word_1_114' title='bbox 979 3243 1143 3327; x_wconf 75' lang='lat' dir='ltr'><em>praefaciis</em></span> <span class='ocrx_word' id='word_1_115' title='bbox 1166 3243 1274 3307; x_wconf 91' lang='lat' dir='ltr'><em>biblio-</em></span> 
     </span>
     <span class='ocr_line' id='line_1_15' title="bbox 103 3355 1273 3436; baseline 0.003 -20"><span class='ocrx_word' id='word_1_116' title='bbox 103 3355 257 3418; x_wconf 88' lang='lat' dir='ltr'><em>thecarum</em></span> <span class='ocrx_word' id='word_1_117' title='bbox 293 3356 483 3431; x_wconf 86' lang='lat' dir='ltr'><em>nostratium,</em></span> <span class='ocrx_word' id='word_1_118' title='bbox 523 3356 705 3418; x_wconf 90' lang='lat' dir='ltr'><em>nominatim</em></span> <span class='ocrx_word' id='word_1_119' title='bbox 738 3378 806 3419; x_wconf 89' lang='lat' dir='ltr'><em>vero</em></span> <span class='ocrx_word' id='word_1_120' title='bbox 833 3357 1020 3420; x_wconf 82' lang='lat' dir='ltr'><em>academicae</em></span> <span class='ocrx_word' id='word_1_121' title='bbox 1049 3357 1273 3436; x_wconf 84' lang='lat' dir='ltr'><em>Uitroiectinoe‚</em></span> 
     </span>
     <span class='ocr_line' id='line_1_16' title="bbox 99 3463 1275 3554; baseline 0.003 -25"><span class='ocrx_word' id='word_1_122' title='bbox 99 3469 167 3532; x_wconf 85' lang='lat' dir='ltr'><em>uiro</em></span> <span class='ocrx_word' id='word_1_123' title='bbox 204 3469 372 3533; x_wconf 87' lang='lat' dir='ltr'><em>doctissimo</em></span> <span class='ocrx_word' id='word_1_124' title='bbox 407 3488 470 3531; x_wconf 72' lang='lat' dir='ltr'><em>vsu</em></span> <span class='ocrx_word' id='word_1_125' title='bbox 505 3465 670 3544; x_wconf 77' lang='lat' dir='ltr'><em>Souasun,</em></span> <span class='ocrx_word' id='word_1_126' title='bbox 706 3471 759 3554; x_wconf 82' lang='lat' dir='ltr'><em>qui</em></span> <span class='ocrx_word' id='word_1_127' title='bbox 784 3469 860 3532; x_wconf 89' lang='lat' dir='ltr'><em>mihi</em></span> <span class='ocrx_word' id='word_1_128' title='bbox 882 3471 1002 3532; x_wconf 79' lang='lat' dir='ltr'><em>uelitum</em></span> <span class='ocrx_word' id='word_1_129' title='bbox 1026 3474 1069 3534; x_wconf 86' lang='lat' dir='ltr'><em>ad</em></span> <span class='ocrx_word' id='word_1_130' title='bbox 1092 3463 1275 3550; x_wconf 88' lang='lat' dir='ltr'><em>thesaurum,</em></span> 
     </span>
     <span class='ocr_line' id='line_1_17' title="bbox 99 3583 1275 3668; baseline 0 -24"><span class='ocrx_word' id='word_1_131' title='bbox 99 3583 184 3645; x_wconf 88' lang='lat' dir='ltr'><em>cuius</em></span> <span class='ocrx_word' id='word_1_132' title='bbox 220 3583 466 3666; x_wconf 77' lang='lat' dir='ltr'><em>diiioentirsimas</em></span> <span class='ocrx_word' id='word_1_133' title='bbox 500 3593 596 3646; x_wconf 90' lang='lat' dir='ltr'><em>custos</em></span> <span class='ocrx_word' id='word_1_134' title='bbox 618 3595 674 3658; x_wconf 90' lang='lat' dir='ltr'><em>est,</em></span> <span class='ocrx_word' id='word_1_135' title='bbox 697 3583 741 3646; x_wconf 89' lang='lat' dir='ltr'><em>vel</em></span> <span class='ocrx_word' id='word_1_136' title='bbox 762 3585 801 3646; x_wconf 87' lang='lat' dir='ltr'><em>iis</em></span> <span class='ocrx_word' id='word_1_137' title='bbox 824 3583 906 3646; x_wconf 87' lang='lat' dir='ltr'><em>horis</em></span> <span class='ocrx_word' id='word_1_138' title='bbox 927 3585 1100 3668; x_wconf 80' lang='lat' dir='ltr'><em>patefacere</em></span> <span class='ocrx_word' id='word_1_139' title='bbox 1122 3606 1181 3646; x_wconf 89' lang='lat' dir='ltr'><em>non</em></span> <span class='ocrx_word' id='word_1_140' title='bbox 1203 3607 1275 3668; x_wconf 79' lang='lat' dir='ltr'><em>pra·</em></span> 
     </span>
     <span class='ocr_line' id='line_1_18' title="bbox 99 3694 864 3781; baseline 0.004 -24"><span class='ocrx_word' id='word_1_141' title='bbox 99 3707 188 3758; x_wconf 89' lang='lat' dir='ltr'><em>uatus</em></span> <span class='ocrx_word' id='word_1_142' title='bbox 213 3704 263 3770; x_wconf 84' lang='lat' dir='ltr'><em>est,</em></span> <span class='ocrx_word' id='word_1_143' title='bbox 288 3695 396 3781; x_wconf 83' lang='lat' dir='ltr'><em>quibus</em></span> <span class='ocrx_word' id='word_1_144' title='bbox 419 3694 534 3780; x_wconf 83' lang='lat' dir='ltr'><em>alioqui</em></span> <span class='ocrx_word' id='word_1_145' title='bbox 556 3697 676 3760; x_wconf 88' lang='lat' dir='ltr'><em>clausus</em></span> <span class='ocrx_word' id='word_1_146' title='bbox 699 3719 758 3760; x_wconf 85' lang='lat' dir='ltr'><em>esse</em></span> <span class='ocrx_word' id='word_1_147' title='bbox 780 3696 864 3760; x_wconf 89' lang='lat' dir='ltr'><em>solet.</em></span> 
     </span>
    </p>
   </div>
   <div class='ocr_carea' id='block_1_4' title="bbox 0 0 1594 5130">
    <p class='ocr_par' dir='ltr' id='par_1_5' title="bbox 0 0 1594 5130">
     <span class='ocr_line' id='line_1_19' title="bbox 0 0 1594 5130; baseline 0 0"><span class='ocrx_word' id='word_1_148' title='bbox 0 0 1594 5130; x_wconf 95' lang='lat' dir='ltr'><em> </em></span> 
     </span>
    </p>
   </div>
  </div>
 </body>
</html>
