3084 5128
592 645 657 712 233

48 820 120 908 pleti
142 822 357 910 praesertim,
382 821 440 889 sed
464 821 523 888 illa
545 821 671 889 lautior
694 843 733 888 ac
759 820 969 910 splendidior
990 827 1025 889 et
1043 822 1117 890 viro
1132 820 1212 889 forti

48 935 194 1022 claroque
235 937 384 1022 dignior.
429 935 651 1023 Quamquam
679 935 831 1001 enimin
857 942 1001 1032 utroque
1024 935 1112 1002 inest
1134 956 1209 1021 gra·

48 1050 187 1116 tifioandi
225 1049 379 1116 liberalis
399 1048 568 1130 voluntas,
592 1056 709 1116 tamen
733 1048 838 1114 altera
862 1070 905 1115 ex
924 1071 1013 1131 arca,
1036 1048 1143 1116 altera
1166 1071 1211 1116 ex

47 1163 159 1230 virtute
194 1163 443 1250 depromitur.''
468 1160 494 1248 ¹)
540 1162 704 1229 Concedit
726 1167 841 1228 tamen
869 1184 958 1242 „non
982 1183 1209 1250 numquam.

47 1277 131 1362 estse)
177 1276 410 1362 largiendum,
456 1297 519 1342 nec
567 1275 631 1342 hoc
669 1275 890 1360 benignitatis
925 1296 1033 1361 genus
1067 1276 1209 1342 omnino

47 1390 291 1476 repudiandum
326 1390 424 1476 es(se)
458 1395 491 1456 et
523 1410 623 1475 saepe
646 1388 778 1454 idoneis
801 1388 1001 1456 hominibus
1023 1389 1209 1475 indigenti·
1282 1427 1287 1436 ·

47 1502 100 1570 bus
141 1505 184 1571 de
225 1526 263 1570 re
298 1503 459 1569 familiari
492 1501 759 1590 inpediendum,
795 1502 853 1568 sed
889 1501 1071 1588 diligenter
1105 1508 1207 1589 atque

47 1619 242 1685 moderate.’'
283 1616 309 1704 ⁹)
355 1616 506 1683 Omnino
540 1616 608 1682 duo
643 1636 768 1702 genera
803 1615 979 1701 largorum
1013 1617 1206 1702 distinguit,

48 1754 181 1818 quorum
218 1731 344 1798 alteros
370 1730 539 1818 prodigos,
564 1729 686 1796 alteros
711 1728 867 1795 liberales
892 1750 962 1795 esso
989 1730 1080 1797 dicit.
1131 1730 1205 1812 „Li-

47 1845 162 1914 berales
198 1853 317 1912 autem
351 1845 467 1932 (sunt),
503 1843 563 1932 qui
596 1843 665 1910 suis
699 1841 918 1908 facultatibus
952 1849 1012 1909 aut
1046 1850 1206 1930 captosa

46 1960 267 2046 praedonibus
289 1959 463 2025 redimunt
486 1964 545 2023 aut
568 1978 624 2023 aes
647 1956 800 2023 alienum
813 1957 1003 2044 suscipiunt
1014 1957 1206 2024 amicorum

47 2081 95 2139 aut
122 2075 158 2140 in
181 2074 336 2139 filiarum
358 2070 579 2139 collocatione
602 2071 769 2140 adiuvant
791 2076 851 2136 aut
873 2069 1086 2158 opitulantur
1107 2070 1145 2135 in
1169 2091 1204 2137 re

48 2188 91 2254 vel
122 2187 322 2277 quaerenda
353 2187 405 2254 vel
430 2184 619 2271 augenda.’'
644 2182 671 2270 8)
719 2185 876 2272 Denique
899 2185 936 2250 in
960 2183 1133 2251 beneficiis
1157 2183 1205 2250 lo-

48 2302 150 2369 candis
184 2308 296 2372 certas
330 2299 497 2388 quasdam
530 2298 621 2383 leges
644 2297 772 2365 servari
795 2297 900 2364 iubet.
923 2297 1087 2382 Legimus
1110 2297 1205 2364 enim

47 2415 67 2495 l,
93 2418 141 2498 14,
165 2416 231 2482 42:
260 2414 480 2495 „Videndum
503 2419 553 2478 est
577 2463 595 2494 .,
621 2412 773 2499 primum
797 2433 840 2478 ne
863 2411 951 2477 obsit
964 2409 1158 2497 benignitas
1168 2419 1202 2478 et

48 2529 79 2594 iis
108 2530 199 2617 ipsis,
235 2528 360 2616 quibus
394 2526 541 2612 benigne
566 2525 738 2594 videbitur
761 2525 844 2607 fiori,
869 2531 903 2592 et
926 2525 1055 2608 ceteris,
1080 2525 1203 2592 deinde

49 2663 81 2709 ne
102 2645 210 2710 maior
234 2642 427 2727 benignitas
450 2640 493 2705 sit
516 2660 621 2726 quam
645 2639 833 2724 facultates,
858 2645 932 2706 tum
956 2645 995 2705 ut
1018 2659 1079 2726 pro
1093 2638 1204 2724 digni·

50 2761 104 2823 tate
137 2759 263 2844 cuique
292 2755 482 2836 tribuatur;
506 2754 541 2820 id
564 2753 658 2819 enim
681 2761 731 2819 est
753 2753 901 2819 iustitiae
925 2753 1202 2834 fundamentum,

17 2885 18 2893 ¹
50 2870 83 2935 ad
114 2893 220 2958 quam
255 2869 339 2935 haec
369 2867 546 2934 referenda
568 2874 648 2933 sunt
672 2867 820 2933 omnia.”
867 2865 975 2932 Paulo
997 2870 1074 2952 post
1097 2867 1116 2950 ς
1138 2865 1203 2932 45;

52 2983 214 3061 „Tertium
248 2990 299 3051 est
332 2982 555 3069 propositum,
578 2982 677 3047 utin
701 2979 928 3047 beneficentia
952 2978 1095 3045 dilectus
1118 2984 1205 3045 esset

51 3096 233 3182 dignitatis3
264 3098 300 3162 in
326 3117 394 3184 quo
417 3104 451 3162 et
474 3116 585 3161 mores
608 3095 681 3161 eius
704 3101 805 3160 erunt
829 3093 1014 3180 spectandi,
1038 3093 1075 3157 in
1100 3113 1205 3179 quem

17 3263 18 3266 ,
51 3207 244 3280 beneficium
267 3211 490 3278 conferetur.”
537 3210 627 3274 Tum
649 3209 701 3290 15,
726 3209 790 3274 49:
814 3207 872 3288 „In
890 3206 1089 3274 collocando
1106 3204 1206 3272 bene·

17 3371 18 3378 1
51 3323 115 3392 ficio
138 3328 230 3393 etin
253 3325 431 3391 referenda
453 3324 572 3410 gratia,
591 3324 618 3388 si
631 3329 742 3390 cetera
753 3322 850 3409 paria
861 3327 950 3399 sunt,
964 3321 1029 3387 hoc
1041 3342 1205 3387 maxume

53 3439 140 3506 officii
164 3447 221 3524 est,
246 3448 286 3506 ut
310 3439 454 3526 quisque
479 3459 641 3502 maxume
666 3437 739 3524 opis
760 3436 923 3521 indigeat,
948 3436 996 3501 ita
1018 3435 1050 3502 ei
1073 3435 1207 3523 potissi·

52 3573 137 3620 mum
167 3553 359 3643 opitulari.''
405 3552 563 3638 Denique
598 3551 645 3632 ΙΙ,
681 3552 733 3631 18,
757 3551 811 3632 61,
834 3550 897 3616 62:
925 3549 985 3630 „In
1007 3548 1065 3613 illo
1090 3553 1206 3615 autem

54 3663 145 3733 altero
169 3690 292 3754 genere
316 3666 493 3750 largiendi,
519 3664 609 3752 quod
634 3663 874 3730 aliberalitate
888 3661 1121 3748 proficiscitur,
1136 3682 1207 3726 non

55 3799 113 3846 uuo
135 3783 234 3849 modo
258 3782 295 3847 in
319 3779 512 3866 disparibus
531 3779 642 3845 causis
665 3778 790 3844 adfecti
812 3797 882 3842 esse
908 3774 1081 3840 debemus.
1128 3771 1208 3838 Alia

56 3912 143 3961 causa
175 3903 224 3964 est
258 3896 341 3976 eius,
378 3895 436 3979 qui
471 3892 663 3959 calamitate
698 3891 874 3978 premitur,
910 3893 945 3954 et
975 3886 1048 3952 eius
1072 3887 1132 3972 qui
1155 3907 1208 3952 res

60 4084 233 4101 5--n—-n

85 4221 103 4282 ¹)
134 4223 170 4284 15,
187 4226 225 4275 52.

86 4303 102 4364 ²)
132 4309 195 4368 554.

85 4385 102 4450 ³)
133 4390 169 4450 lt,
187 4389 225 4442 56.
