3040 5134
584 614 648 682 135

32 791 169 858 Caesare
188 796 327 858 mortuo
339 811 502 860 numerus
513 792 682 880 paulatim
694 811 812 859 rursus
825 791 1031 860 succrevisse
1044 792 1182 861 videtur
1189 811 1198 873 ;

32 925 109 970 nam
142 905 325 990 Augustus
357 912 391 972 et
423 906 495 994 ipse
526 906 664 994 „populi
688 927 869 972 recensum
891 905 1034 973 vicatim
1056 905 1113 991 egi
1128 904 1147 936 ’³
1173 903 1198 991 ¹)
1264 983 1268 989 ,

34 1039 92 1083 nec
122 1039 196 1085 non
220 1017 332 1085 Diona
355 1024 437 1086 teste
465 1023 516 1096 „ri
537 1031 589 1087 τοῦ
609 1025 852 1102 σιτοδοτουμὲνου
872 1029 994 1096 πλῆθος
1013 1023 1149 1102 ἀόριστον
1166 1020 1204 1083 ’ὂν

35 1134 60 1206 ἐς
78 1138 167 1200 εἴκοσι
188 1138 332 1214 μυριάδας
351 1138 526 1202 κατέκλεισε
534 1139 560 1207 ,”
581 1141 605 1212 ⁸)
650 1131 725 1197 Has
755 1129 1041 1198 frumentationes
1062 1131 1203 1196 fortasse

23 1241 93 1308 ,sub
115 1243 254 1310 Nerone
278 1243 430 1330 itemque
454 1243 518 1310 sub
541 1244 656 1312 Nerva
678 1264 865 1332 parumper
875 1243 1085 1311 intermissas
1098 1241 1125 1331 ⁸)
1138 1243 1203 1311 viri

37 1347 120 1415 docti
155 1347 381 1436 permansisse
415 1355 598 1416 autumant
632 1349 717 1415 dum
750 1348 958 1416 Aurelianus
988 1350 1015 1436 ⁴)
1040 1369 1204 1435 maguam

37 1462 339 1548 commutationem
372 1463 414 1529 iis
448 1462 610 1545 attulerit,
645 1463 783 1530 cottidie
818 1463 983 1530 frumenti
1016 1462 1090 1530 loco
1113 1463 1204 1551 ipsos

37 1596 136 1660 panes
158 1575 376 1643 distribuens.
401 1575 430 1663 ⁶)

77 1687 216 1756 Praeter
249 1695 353 1757 statas
385 1689 462 1756 illas
499 1688 697 1776 largitiones
723 1689 836 1757 variae
860 1688 1117 1757 distributiones
1135 1690 1203 1756 fru-

39 1803 140 1868 meuti
163 1808 478 1870 commemorantur
500 1803 685 1870 Caesarum
707 1803 924 1891 aliorumque
947 1804 1102 1892 privatae
1127 1825 1201 1870 mu·

41 1914 227 1982 nificentiae
252 1914 386 1982 debitae
411 1915 437 2002 ο)
463 1916 616 2003 itemque
641 1917 859 2002 magistratus
881 1938 1002 1984 cavere
1015 1916 1205 2004 pergebant

41 2049 79 2093 ne
101 2050 240 2096 annona
263 2029 366 2096 nimis
390 2036 584 2115 augeretur.

123 2191 150 2256 b.
173 2192 343 2259 Annonae
367 2213 449 2259 cura
472 2199 506 2259 et
528 2193 813 2260 frumentationes
837 2192 1046 2279 quibusnam
1069 2191 1112 2260 ad

391 2306 544 2373 fructum
567 2306 835 2374 redundabant?

81 2465 153 2531 Iam
188 2468 374 2554 quaeritur,
410 2489 490 2536 cum
525 2490 681 2536 annonae
716 2491 799 2536 cura
832 2475 909 2535 tum
936 2469 1100 2536 frumenti
1122 2468 1201 2536 illae

44 2576 297 2659 distributiones,
334 2602 419 2668 quas
452 2583 736 2650 frumentationes
770 2582 958 2670 appellatas
992 2603 1063 2650 esse
1099 2583 1204 2650 modo

44 2689 144 2774 docui,
168 2694 377 2781 quibusnam
401 2695 599 2762 hominibus
621 2696 664 2763 ad
688 2697 838 2763 fructum
859 2696 1102 2765 redundarent.

81 2805 172 2874 Inter
202 2809 486 2876 frumentationes
523 2816 556 2876 et
579 2832 699 2878 curam
722 2832 879 2879 annonae
904 2811 971 2880 viri
993 2809 1084 2878 docti
1107 2832 1202 2898 prae·

45 2922 89 2983 ter
113 2928 221 2988 cetera
244 2921 349 3008 vulgo
373 2923 437 2991 hoc
461 2923 645 2991 discrimen
668 2932 834 3008 statuunt,
859 2925 951 3014 quod
976 2925 1061 2992 liaeo
1084 2945 1203 3000 omnes

45 3031 126 3099 cives
146 3034 438 3122 complecteretur,
464 3037 603 3104 illarum
626 3046 744 3106 contra
763 3047 875 3107 certus
887 3046 1025 3108 tantum
1037 3059 1202 3106 numerus

46 3153 166 3214 certans
189 3171 268 3236 pars
290 3149 420 3217 civium
443 3151 612 3239 particeps
635 3159 731 3219 esset.
754 3152 782 3240 ⁷)
807 3155 882 3221 Hoc
906 3162 1022 3221 tamen
1037 3176 1109 3220 rem
1121 3175 1200 3221 con·

50 3280 224 3294 *ffi-

76 3339 92 3400 ¹)
121 3343 180 3394 Suet.
198 3346 260 3410 Aug.
279 3347 319 3395 40.

73 3422 91 3482 ¹)
119 3427 163 3476 Dio
179 3429 244 3477 Cass.
263 3429 312 3487 LV,
331 3430 370 3479 10.
386 3429 440 3491 (ild.
458 3430 604 3492 Boissessin)
622 3431 658 3480 Cf.
676 3431 746 3480 etiem
766 3431 832 3482 Mon.
851 3434 940 3498 Ancyr.
959 3434 1009 3484 Lat.
1028 3435 1052 3493 3,
1071 3435 1111 3484 21.

74 3505 91 3565 ³)
120 3511 154 3560 Cf.
171 3512 282 3560 Momms.
300 3513 367 3561 Rem.
386 3512 450 3562 Trib.
469 3529 521 3578 pag.
540 3514 762 3572 193;11irschf.l.
781 3515 797 3565 l.
816 3533 867 3580 pag.
887 3519 910 3566 b.

74 3590 90 3648 ⁴l
120 3593 168 3642 Hoc
184 3595 231 3643 iam
249 3600 317 3644 autea
333 3597 421 3644 factum
438 3611 488 3644 esse
504 3596 546 3645 alii
563 3596 699 3661 opinantur.
727 3599 763 3647 Cf.
774 3599 879 3648 Hirschf.
890 3599 907 3650 l.
917 3600 935 3650 l.
944 3616 996 3666 pag.
1008 3600 1039 3648 20
1049 3601 1200 3666 seq.;Merq.

47 3667 60 3716 l·
70 3670 84 3719 l,
92 3689 137 3738 pag.
148 3677 207 3736 135,
216 3677 345 3736 Krakauer,
356 3679 402 3727 Das
412 3677 608 3744 Verplleguugsw.
617 3681 640 3729 d.
651 3682 715 3730 Stadt
725 3683 784 3730 Rom
794 3683 820 3731 iu
829 3684 852 3732 d.
862 3687 967 3747 spiitereu
977 3684 1087 3742 Kaisera,
1098 3699 1150 3747 pag.
1160 3684 1200 3733 43.

76 3754 91 3812 ⁶)
119 3759 207 3824 Vopisc.
225 3761 306 3809 Aural.
318 3761 357 3819 35,
370 3762 380 3808 l
393 3778 398 3806 τ
409 3762 478 3819 „Nou
489 3765 681 3826 praetereundum
692 3765 792 3824 uidetur,
801 3767 863 3830 quod
872 3771 895 3814 et
903 3766 1005 3830 populus
1016 3766 1128 3814 memoria
1137 3770 1201 3815 tenet

47 3840 67 3881 et
81 3838 127 3889 fides
139 3843 250 3892 historica
267 3844 430 3908 frequentauit,
450 3845 603 3894 Aurelianum
622 3863 649 3895 eo
666 3853 777 3911 tempora,
786 3865 833 3912 qno
842 3848 1030 3913 proficiscebatur
1038 3849 1067 3897 ad
1076 3848 1200 3907 orientem,

49 3915 130 3972 bilibres
146 3942 240 3976 coronas
257 3926 345 3991 populo
362 3927 506 3990 promisisse,
523 3929 543 3976 si
562 3929 638 3978 uictor
656 3932 749 3989 rediret,
767 3935 798 3989 et,
815 3947 869 3979 cum
886 3947 967 3980 aureas
979 3931 1201 3995 populussperaret‚

49 4014 111 4064 neque
133 4009 275 4058 Aurelianus
299 4013 341 4058 eut
365 4015 442 4074 posset
469 4015 509 4059 aut
528 4011 606 4072 uellet,
624 4029 719 4062 coronas
736 4030 790 4062 eum
808 4015 890 4062 fecisse
907 4015 935 4062 de
952 4014 1061 4078 panibus,
1079 4015 1120 4079 qui
1138 4030 1202 4064 nunc

50 4081 138 4148 siliginei
155 4097 274 4150 comatur,
291 4098 315 4141 et
331 4093 433 4156 singulis
450 4094 582 4158 quibusque
600 4097 703 4155 donasse,
721 4097 754 4145 ita
772 4102 798 4145 ut
815 4096 954 4161 siligineum
971 4113 1041 4146 suum
1059 4097 1144 4146 cotidie
1152 4102 1202 4147 toto

51 4179 97 4216 teuc
111 4187 149 4220 suo
167 4177 329 4240 uuusquisque
345 4180 369 4224 et
384 4176 498 4240 acciperet
515 4183 541 4226 et
556 4180 654 4242 posteris
672 4180 721 4227 suis
738 4180 893 4229 dimitteret.''

79 4251 95 4311 ⁶)
125 4255 172 4305 llae
188 4261 319 4308 referendae
336 4259 433 4308 suntin
453 4260 611 4323 „mugiaria'',
628 4263 657 4310 de
674 4261 763 4326 quibus
781 4262 834 4312 vide
852 4263 985 4326 proximum
1002 4269 1079 4330 caput

80 4332 96 4395 ⁷)
118 4338 150 4388 lta
158 4341 292 4392 Hirschfeld
310 4342 328 4392 l.
338 4342 365 4400 l.,
382 4341 516 4391 Radbertus
532 4343 550 4396 l.
571 4344 597 4404 l.,
614 4344 823 4409 Pauly-winone,
832 4346 998 4411 lissi-Eumol.
1007 4347 1031 4395 1¹
1039 4364 1059 4399 s.
1068 4365 1090 4398 v.
1099 4361 1201 4400 mona.
