3084 5128
597 540 662 610 205

48 719 199 788 Aurelius
238 725 355 788 autem
391 720 451 802 ,de
487 720 659 787 alimentis
693 718 839 808 publicis
873 720 985 788 multa
1019 720 1207 809 prudenter

48 835 204 901 inuenit.''
253 835 307 902 Ob
338 834 613 902 coniunctionem
646 832 798 901 Lucillae
829 840 862 901 et
885 834 968 903 Veri
991 835 1104 901 fratris
1126 855 1207 902 cum

49 949 105 1015 hoc
141 970 286 1036 ,pueros
320 953 353 1014 et
386 947 517 1035 puellas
551 968 722 1014 nouorum
758 948 941 1014 nominum
963 948 1206 1015 frumentariae

48 1062 249 1149 perceptioni
272 1061 418 1129 adscribi
441 1061 671 1148 praeceptit).''
721 1061 877 1141 „Nouus”
891 1061 1039 1148 denique
1055 1060 1205 1148 ,puellas

46 1176 277 1242 Faustinianas
299 1175 448 1240 instituit
471 1175 508 1239 in
534 1174 700 1240 honorem
713 1174 831 1240 uxoris
844 1175 1031 1241 mortuae.''
1062 1173 1086 1261 ¹)
1098 1173 1206 1242 Tituli

48 1310 170 1376 quoque
195 1289 322 1376 reperti
345 1295 426 1354 sunt
449 1286 618 1369 nonnulli,
636 1308 731 1384 *quos
754 1287 931 1355 Antonino
955 1287 1017 1354 Pio
1044 1287 1207 1354 etMarco

47 1402 175 1470 Aurelio
199 1403 404 1470 dicaverunt
426 1401 522 1489 pueri
549 1407 583 1467 et
605 1400 739 1488 puellae
756 1401 962 1468 alimentarii
977 1421 985 1466 :
999 1401 1103 1489 priori
1114 1423 1205 1468 anno

47 1537 73 1600 p.
104 1515 181 1583 Chr.
216 1538 250 1583 n.
278 1517 341 1581 149
368 1514 485 1602 ,pueri
510 1521 545 1581 et
568 1512 702 1601 puellae
727 1513 991 1603 a[l]iment[a]ri
1014 1514 1205 1602 cuprenses

46 1627 211 1694 Montaui'’
239 1627 266 1717 ⁹)
290 1634 324 1695 et
347 1634 422 1715 post
444 1628 516 1695 eius
540 1634 686 1694 mortem
718 1627 952 1708 „alimentari”
977 1628 1151 1711 eSestino,
1175 1627 1202 1715 3)

47 1741 131 1808 alteri
153 1764 247 1809 anno
273 1742 336 1808 150
365 1742 482 1829 ,pueri
505 1747 538 1808 et
561 1740 694 1828 puellae
718 1739 932 1807 alimentari''
958 1763 1002 1808 ex
1028 1741 1158 1808 Urbino
1179 1741 1207 1828 ⁴)

46 1861 72 1919 et
101 1873 190 1922 anno
219 1856 285 1921 162
312 1855 430 1942 „pueri
454 1861 488 1920 et
512 1854 647 1942 puellae
671 1853 865 1920 alimentari
889 1853 1151 1922 Ficolensium.''
1179 1853 1204 1941 ⁸)

82 1969 225 2035 Posthac
261 1969 302 2036 de
337 1969 509 2035 alimentis
548 1990 618 2035 non
649 1967 758 2034 multa
781 1967 902 2034 litteris
926 1974 1006 2035 sunt
1028 1967 1206 2038 custodita.

48 2081 207 2165 Pertinarr,
233 2083 290 2151 cui
312 2083 383 2148 iam
408 2088 595 2169 antequam
619 2082 805 2169 imperator
828 2081 938 2148 lactus
959 2088 1041 2163 erat,
1065 2081 1207 2148 alimen-

48 2200 146 2262 torum
169 2219 255 2264 cura
277 2196 389 2262 fuerat
412 2195 585 2277 mandata,
611 2193 637 2281 α)
666 2194 901 2275 „alimentaria
923 2194 1028 2261 etiam
1048 2214 1204 2282 compen·

46 2307 99 2389 dia,
122 2332 210 2398 quae
236 2331 363 2376 nouem
386 2330 558 2375 annorum
584 2330 628 2374 ex
650 2308 807 2374 instituto
824 2307 965 2374 Traiani
982 2307 1204 2390 debebantur,

47 2420 198 2490 obdurata
234 2422 443 2490 uerecundia
478 2421 699 2510 sustuli(sse)’'
734 2422 851 2488 fertur.
888 2420 914 2509 7)
960 2421 1009 2490 Ut
1031 2421 1205 2505 Pertinax,

50 2554 232 2566 *—

47 2617 142 2668 mulieres
167 2624 191 2669 et
216 2620 264 2668 duo
287 2620 341 2678 viri,
359 2619 401 2684 qui
420 2625 518 2684 uterque
534 2618 659 2684 parvulam
677 2617 785 2684 puellam
802 2618 828 2666 in
845 2617 910 2667 ulnis
925 2620 1032 2682 gestant3
1050 2617 1133 2682 procul
1150 2620 1207 2667 sunt

49 2703 85 2750 tres
100 2702 200 2767 puellae.

76 2788 92 2845 1)
123 2786 186 2835 Haec
207 2787 290 2838 omnia
307 2787 418 2851 leguntur
435 2786 498 2851 apud
515 2785 606 2836 Iulium
624 2784 788 2851 Capitolinum
806 2784 832 2833 in
851 2784 904 2833 Vita
923 2785 997 2834 Marci
1015 2783 1132 2834 Antonini
1151 2783 1208 2832 Phi-

51 2865 137 2934 losophi.
154 2873 240 2939 (Capp.
260 2871 347 2929 11,2;
365 2870 389 2928 7,
407 2871 421 2918 8
431 2890 438 2928 ;
457 2869 497 2929 26,
515 2871 548 2930 6.)

75 2953 106 3001 td
131 2972 203 3006 novas
230 2954 285 3004 illas
310 2953 402 3019 puellas
423 2952 589 3001 Faustinianas
606 2951 766 3016 anaglyphum
784 2949 973 3015 pulcherrimum
990 2950 1017 2998 in
1035 2949 1118 2998 Museo
1135 2948 1208 2999 sillae

50 3033 191 3088 rllbaniorum
217 3039 295 3088 adbuc
320 3039 439 3086 servatum
458 3034 606 3085 referendum
624 3051 648 3083 sa
665 3035 756 3082 credere
773 3034 831 3083 dicit
849 3033 949 3082 Heuzen
965 3033 992 3095 (l.
1011 3033 1029 3082 l.
1044 3049 1095 3097 pag.
1114 3031 1164 3093 20),
1181 3033 1208 3082 in

49 3131 85 3178 quo
108 3121 216 3171 mulieres
243 3122 302 3170 duae
323 3123 410 3170 stantes
435 3119 462 3167 in
483 3122 600 3182 suggestu,
620 3117 754 3182 complures
771 3119 850 3166 autem
868 3120 923 3166 ante
940 3116 1013 3166 illum
1030 3115 1209 3182 conspiciuntur

49 3201 132 3262 puellae,
157 3221 261 3270 quarum
286 3221 345 3268 quae
371 3203 476 3268 proxime
501 3202 531 3250 ad
558 3205 693 3265 suggestum
713 3201 818 3259 amessit,
835 3203 923 3249 vestem
937 3200 1029 3266 pendit,
1047 3203 1074 3249 ut
1090 3199 1119 3249 ab
1136 3200 1211 3250 altera

51 3283 164 3335 mulierum
181 3290 331 3336 frumentum
348 3285 456 3351 accipiat.

76 3366 92 3414 ἰ
123 3369 148 3418 C.
166 3370 185 3420 I.
204 3372 231 3420 Is.
250 3370 293 3427 IX,
311 3369 377 3422 5700
393 3373 436 3430 (ε
454 3366 531 3416 Orelli
550 3367 598 3428 89).

76 3447 93 3508 3)
122 3452 177 3502 c.1
203 3455 231 3502 L.
250 3453 291 3511 XI,
309 3452 333 3510 2,
351 3451 416 3500 6002
434 3455 477 3512 (τ.
495 3449 571 3498 Orelli
591 3449 656 3510 847).
682 3448 738 3497 Non
752 3449 1209 3513 eSentino,quodexhibetKnbitschelr

50 3533 100 3592 apud
122 3535 323 3601 Pauly-Wissowa
346 3551 366 3584 s.
383 3551 405 3583 v.
424 3533 540 3583 alimenta
558 3532 593 3595 (1²
610 3548 661 3596 pag,
682 3532 772 3593 1487);
790 3535 918 3596 utrumque
935 3536 958 3581 et
976 3533 1095 3582 Sestinum
1113 3537 1135 3581 et
1152 3533 1208 3582 Sen-

52 3612 116 3664 tinum
132 3629 168 3666 est
184 3618 299 3668 Umbriae
317 3617 486 3682 municipium.

79 3697 94 3754 ⁴)
125 3701 238 3751 Gruterus
263 3717 315 3766 pag.
335 3700 407 3758 1022,
434 3701 457 3749 6.
492 3699 560 3747 Hanc
578 3698 756 3762 inscriptionem
773 3697 799 3747 in
818 3698 845 3747 O.
862 3698 883 3746 Ι.
902 3698 927 3746 L.
945 3697 1046 3762 reperire
1063 3711 1110 3745 nnn
1127 3697 1205 3760 potui.

80 3779 96 3837 ⁵l
126 3783 188 3834 01.
206 3786 233 3834 L.
255 3784 318 3843 XIV,
336 3783 403 3833 4003
420 3788 462 3846 (=.
480 3781 556 3831 Orelli
574 3782 658 3843 3364).

82 3863 97 3922 ⁵)
127 3866 225 3932 Capitol.
244 3867 356 3917 Pertinax
373 3869 397 3924 4,
417 3867 439 3916 l.

82 3943 97 4003 ἶ)
127 3949 187 4000 Ibid.
215 3953 238 4008 9,
266 3951 288 4000 3.
324 3950 359 3998 De
375 3948 487 3998 hocloco
505 3949 779 4000 sententiaevariantur.
813 3945 967 4009 Antiquiores
983 3947 1020 4008 (ut
1037 3944 1163 4001 Muratori‚
1180 3945 1208 3993 de

57 4023 121 4086 bama,
141 4033 235 4098 Zumpt)
252 4049 266 4098 a
282 4033 403 4082 Pertinace
420 4036 495 4081 totum
513 4032 650 4081 institutum
668 4031 789 4080 sublatum
806 4045 856 4078 esse
872 4028 946 4076 siunt.
965 4055 996 4064 —-
1014 4028 1111 4076 Henzen
1129 4031 1209 4092 (quem

58 4111 147 4171 sequitur
171 4116 317 4180 Marquardt,
344 4115 360 4164 l.
387 4114 404 4164 l.
434 4131 486 4179 pag.
515 4114 573 4175 147)
591 4114 641 4162 illis
660 4114 739 4162 verbis
757 4112 820 4161 nihil
837 4111 903 4160 aliud
921 4111 1050 4174 significari
1068 4111 1126 4159 dicit
1143 4110 1171 4172 (l.
1191 4111 1209 4161 l.

57 4204 97 4254 043,
119 4197 164 4256 48),
191 4200 255 4264 „nisi
281 4214 321 4264 per
350 4215 435 4248 novem
460 4210 534 4247 annos
560 4197 721 4246 intermissam
747 4195 916 4244 alimentorum
939 4195 1111 4259 perceptionem
1128 4195 1210 4253 fuisse,

58 4271 182 4330 Pertinacem
205 4297 259 4332 vero
278 4283 304 4330 in
321 4297 421 4340 summa,
438 4297 484 4346 qua
501 4286 551 4330 tum
569 4280 639 4329 Italia
656 4283 713 4337 erat,
731 4276 864 4327 calamitate
881 4277 982 4334 residua,
999 4293 1048 4327 non
1066 4277 1129 4342 ipsas
1148 4277 1212 4330 oblis
