3084 5128
752 823 991 894 EPILOGUS.

335 1055 502 1141 Prospero
536 1053 692 1119 fortunae
727 1054 812 1118 flatu
845 1055 898 1120 usi
933 1053 1003 1119 iam
1027 1054 1070 1119 ad
1094 1059 1227 1141 optatos
1249 1053 1365 1119 exitus
1388 1072 1463 1139 per-

292 1167 381 1235 vecti
411 1188 540 1233 sumus.
585 1166 705 1246 Restat
727 1172 767 1231 ut
788 1165 963 1253 paulisper
987 1167 1205 1253 respicientes
1228 1188 1347 1233 eorum
1373 1187 1461 1252 quae

291 1281 516 1366 cognovimus
550 1279 719 1345 rationem
753 1270 995 1347 subducamus.
1042 1279 1107 1348 Vel
1142 1281 1265 1367 potius,
1303 1300 1390 1366 quae
1425 1279 1462 1343 in

292 1394 471 1461 Prooemio
505 1392 633 1479 scripsi,
669 1392 726 1459 hic
760 1399 913 1480 repetere
950 1393 1037 1460 nihil
1066 1393 1171 1461 habet
1196 1393 1362 1460 utilitatis,
1410 1391 1464 1456 Ibi

292 1508 386 1574 enim
409 1507 479 1572 iam
502 1507 701 1573 summatim
725 1508 869 1595 exposui
895 1530 954 1588 „ea
979 1529 1067 1595 quae
1090 1508 1329 1574 Romanorum
1354 1505 1464 1593 publi-

292 1621 339 1688 cis
373 1620 583 1709 privatisque
619 1621 808 1687 rationibus
842 1643 904 1708 pro
933 1621 1063 1688 viribus
1087 1622 1172 1687 meis
1195 1620 1379 1706 diligenter
1407 1641 1464 1685 ex·

293 1735 397 1802 cussis
431 1734 627 1801 confirmari
664 1757 760 1822 posse
796 1735 883 1800 mihi
916 1734 1183 1823 vide(ba)ntur.''
1229 1735 1351 1821 Neque
1375 1754 1463 1819 quae

293 1849 334 1915 de
359 1847 503 1933 singulis
525 1847 607 1914 locis
630 1847 836 1929 iudicabam,
862 1849 899 1913 in
924 1848 1068 1933 singulis
1079 1847 1249 1935 capitibus
1261 1869 1330 1913 non
1344 1846 1462 1916 effudi·

293 1962 457 2029 Attamen
492 1984 562 2028 una
595 1962 901 2048 comprehensione
937 1963 1053 2028 omnia
1076 1961 1257 2048 complecti
1283 1959 1463 2026 nouindi·

293 2098 403 2162 gnum
437 2075 583 2143 videtur.
610 2074 634 2163 ¹)
679 2077 749 2155 Qui
761 2076 967 2142 contendere
990 2075 1071 2141 velit
1085 2076 1260 2142 Romanos
1273 2094 1464 2160 pauperum

293 2188 483 2255 rationibus
517 2188 788 2277 haudquaquam
824 2190 1048 2277 prospexisse,
1078 2190 1107 2254 is
1128 2189 1351 2255 vehementer
1375 2208 1466 2253 erra·

296 2302 355 2369 bit.
402 2303 450 2368 At
473 2301 663 2368 medicinae
687 2303 928 2369 imbecilliores
952 2309 1050 2369 erant
1073 2323 1179 2388 quam
1203 2300 1353 2367 morbus.
1399 2301 1467 2366 Im·

296 2438 353 2482 mo
384 2421 520 2481 tantum
544 2414 662 2481 aberat
684 2424 723 2481 ut
746 2417 958 2503 paupertatis
981 2414 1113 2482 malum
1139 2437 1174 2481 re
1198 2436 1280 2483 vera
1302 2414 1466 2501 reprime·

297 2536 399 2610 retur,
424 2535 463 2594 ut
487 2528 638 2615 quodam
664 2530 766 2596 modo
790 2531 894 2596 etiam
918 2536 1116 2616 augesceret
1139 2535 1172 2596 et
1194 2529 1232 2594 in
1244 2528 1316 2594 dies
1329 2527 1467 2594 altiores

297 2649 413 2728 ageret
435 2641 575 2709 radices.
621 2644 699 2709 Non
723 2644 759 2709 in
787 2643 940 2710 Sallustii
963 2650 1098 2710 tantum
1125 2648 1271 2709 aetatem
1295 2642 1468 2708 caditvox

296 2756 356 2822 illa
378 2755 601 2843 pervulgata:
630 2757 827 2838 „Iuventus
852 2779 941 2843 quae
965 2758 1001 2822 iu
1025 2757 1116 2842 agris
1128 2777 1297 2822 manuum
1311 2755 1466 2821 mercede

297 2871 452 2958 inopiam
486 2869 701 2951 toleraverat,
738 2872 880 2958 privatis
915 2877 1018 2958 atque
1051 2869 1199 2958 publicis
1230 2868 1469 2954 largitionibus

299 2985 411 3052 excita
444 2983 617 3050 urbanum
648 2985 757 3051 otium
780 2985 916 3068 ingrato
939 2983 1049 3051 labori
1069 2982 1308 3070 praetulerat.'’
1355 2983 1398 3048 In
1424 2982 1469 3048 di·
1538 2997 1539 3052 ἰ

299 3098 500 3166 versissimis
534 3098 632 3164 donis
666 3099 867 3185 spargendis
890 3098 1067 3164 enitebant
1089 3095 1275 3183 locupletes
1298 3096 1468 3176 Romani;
1538 3081 1539 3120 ³

299 3213 337 3276 in
383 3210 581 3276 turbulenta
616 3212 838 3277 multitudine
876 3211 1080 3278 delenienda
1113 3210 1245 3276 nemini
1280 3209 1468 3290 cedebant;

301 3345 402 3390 verae
426 3329 542 3389 tamen
565 3323 658 3390 illius
682 3326 934 3392 misericordiae
959 3332 993 3390 et
1016 3324 1177 3404 caritatis
1203 3344 1291 3410 quae
1307 3323 1343 3387 in
1357 3323 1471 3389 Euan·

301 3437 391 3523 gelio
413 3437 684 3524 praecipiuntur,
709 3446 807 3505 erant
830 3445 998 3526 expertes.
1045 3439 1135 3504 Nam
1160 3435 1238 3503 illae
1256 3436 1472 3524 quoquevir·

301 3557 391 3618 tutes
425 3551 528 3617 unius
561 3551 709 3638 Spiritus
733 3553 860 3620 Christi
883 3553 975 3619 dona
998 3558 1089 3633 sunt,
1114 3551 1157 3617 ad
1182 3571 1267 3637 quas
1291 3550 1472 3637 pariendas

300 3686 424 3753 parum
447 3665 633 3754 proficiunt
657 3665 882 3732 humanitatis
902 3666 1046 3753 quidam
1072 3665 1225 3744 affectus,
1254 3662 1472 3750 philosopho
1537 3685 1538 3758 3

192 3778 195 3783 ’
305 3802 384 3846 rum
406 3779 591 3863 doctrinae,
616 3801 830 3868 paganorum
853 3779 1047 3865 religiones.
1097 3771 1102 3781 ’

341 4262 360 4321 1)
393 4259 515 4326 Temporis
530 4261 648 4325 angustiis
663 4276 776 4325 perquam
794 4259 859 4308 brevi
877 4258 1011 4323 praecidere
1028 4272 1104 4320 eogor.
