3084 5128
599 593 664 662 255

8 759 10 782 *
92 771 285 840 Senioribus
320 795 456 861 quoque
493 793 746 860 nonuunquam
780 771 944 838 alimenta
969 769 1086 837 relicta
1109 770 1213 836 fuisse

53 893 158 973 aperte
181 888 337 954 indicant
359 888 509 973 Digesta.
537 885 563 972 ¹)

91 1002 118 1067 d.
163 1001 377 1068 Balneae
414 1000 468 1067 vel
502 1000 789 1067 lavationes
823 999 951 1068 autin
987 1019 1098 1064 unum
1119 997 1212 1063 diem

52 1121 104 1180 aut
129 1115 165 1180 in
188 1121 322 1182 eertum
346 1120 482 1202 tempus
504 1114 622 1180 autin
647 1119 849 1200 perpetuum
875 1111 1002 1199 populo
1026 1110 1210 1176 exhibitae.

52 1228 138 1294 Haec
172 1228 358 1294 liberalitas
392 1229 489 1294 ouius
523 1227 796 1311 frequentissima
830 1226 959 1292 mentio
982 1225 1021 1290 fit
1042 1226 1078 1290 in
1103 1224 1210 1290 titulis

52 1363 122 1406 oum
144 1342 264 1408 Italiae
285 1348 360 1407 tum
382 1341 650 1428 provinciarum,
678 1340 730 1406 vel
754 1340 905 1406 maxime
929 1339 1005 1404 ideo
1025 1338 1209 1424 conspicua

51 1462 101 1536 est,
136 1456 230 1543 quod
264 1455 469 1543 aliquotiens
505 1455 549 1521 ad
584 1454 743 1541 hospites,
764 1452 977 1533 adventores,
1001 1453 1208 1539 peregrinos,

51 1567 147 1635 immo
173 1569 227 1636 vel
250 1569 292 1634 ad
317 1591 431 1636 servos
454 1575 487 1636 et
511 1567 651 1636 ancillas
681 1565 904 1634 redundabat.
918 1565 1059 1652 Saepius
1072 1586 1209 1652 quoque

51 1682 163 1749 divites
198 1682 336 1749 balneas
359 1683 401 1748 de
426 1683 561 1770 proprio
584 1683 738 1748 fecerunt
762 1680 816 1746 vel
840 1679 948 1745 solum
976 1678 1144 1744 dederunt
1167 1680 1210 1746 ad

52 1794 204 1862 balneum
239 1796 501 1862 aedificandum.
537 1794 563 1882 ²)
623 1794 818 1860 Gratuitam
856 1798 972 1858 autem
1006 1790 1209 1858 balnearum

78 1985 95 2043 1)
129 1984 183 2048 Dig.
201 1984 274 2043 XXX,
293 1984 356 2032 lat:
372 1985 440 2048 „lloe
457 1983 561 2049 amplius
577 1983 640 2047 quod
658 1983 683 2031 in
700 1981 814 2030 alimenta
831 1981 938 2028 infirmae
954 1979 1042 2050 aetatis,
1059 1983 1116 2042 puta
1133 1979 1209 2038 senio·

50 2065 105 2115 ribus
123 2067 160 2116 vel
176 2068 256 2132 pueris
273 2067 415 2132 puellisque,
427 2067 535 2116 relietum
544 2067 625 2123 fuerit,
634 2066 663 2115 ad
673 2065 785 2113 honorem
794 2063 898 2113 civitatis
908 2063 1023 2128 pertinere
1032 2063 1211 2126 respondatur.’'

75 2150 93 2210 ²)
125 2151 193 2200 Hane
210 2167 302 2215 quoque
318 2149 485 2200 liberalitatem
503 2149 620 2198 nonnulla
637 2148 742 2212 exempla
760 2146 923 2196 illustrabunt.
944 2146 988 2206 (De
1003 2145 1086 2196 Fausti
1102 2145 1209 2209 benigni·

50 2235 87 2280 tale
107 2234 157 2282 dixi
174 2249 226 2298 pag.
245 2233 293 2282 243
311 2233 365 2282 adn.
383 2236 417 2288 4.)
451 2234 532 2282 Primo
550 2233 601 2282 loeo
619 2247 776 2281 commemoro
793 2230 818 2278 id
844 2229 906 2293 quod
924 2228 1029 2291 Agrippa
1046 2227 1101 2276 feeit
1117 2228 1210 2288 aedilis,

51 2332 110 2379 launo
136 2341 156 2373 a.
185 2340 207 2372 u.
235 2340 255 2372 e.
278 2324 324 2376 721
353 2343 385 2368 =
410 2341 431 2373 a.
458 2325 515 2373 Chr.
541 2341 565 2373 n.
593 2326 642 2386 33),
668 2325 709 2388 qni
739 2313 796 2380 ητα
822 2331 856 2371 τε
876 2309 1022 2384 βαλανεῖα
1044 2319 1149 2385 προῖκα
1170 2311 1207 2370 δι’

51 2403 118 2476 ἔτους
147 2406 197 2469 καὶ
217 2415 277 2475 τοῖς
297 2405 421 2481 ἀνδράσι
440 2406 489 2468 καὶ
509 2417 574 2476 ταῖς
591 2407 704 2487 γυναιξὶ
724 2412 853 2468 λοῦσθαι
872 2405 1038 2486 σαρὲσχε.”
1066 2415 1121 2476 (Dio
1144 2415 1209 2464 Cass.

51 2501 122 2562 XLIX,
148 2505 189 2563 43,
215 2503 238 2552 3.
273 2503 309 2551 Of.
339 2503 403 2551 Plio.
432 2503 463 2552 N.
489 2504 521 2552 H.
550 2504 657 2562 XXXVI,
681 2505 719 2563 15,
739 2505 802 2553 121:
822 2504 869 2568 „Et
885 2503 988 2567 gratuita
1006 2500 1109 2567 praebita
1126 2498 1209 2547 balnea

51 2592 131 2634 rentum
156 2587 312 2650 septuaginta,
338 2603 397 2650 quae
418 2603 482 2636 nune
508 2587 594 2636 Romae
617 2588 646 2636 ad
672 2588 794 2636 infinitum
820 2602 903 2636 auxere
926 2584 1077 2634 numerum.”
1113 2583 1148 2631 De
1165 2581 1209 2630 hoo

52 2667 91 2716 loro
116 2671 172 2720 Mau
197 2670 259 2734 apud
286 2669 495 2734 Pauly-Wissowa,
513 2670 679 2735 hoel-Enoyel.
697 2687 716 2720 a.
734 2687 757 2719 v.
776 2671 856 2720 Beder
873 2669 919 2732 (ΙΙ1
936 2685 988 2732 pag.
1007 2667 1099 2726 atta:
1119 2664 1207 2730 ,Meist

52 2751 244 2806 nissverstanden.
271 2752 306 2800 als
331 2753 395 2800 hatte
420 2753 525 2817 Agrippa
548 2769 573 2801 so
590 2753 651 2802 tiele
669 2754 696 2803 B.
714 2753 819 2802 erhaut.”
854 2753 921 2816 Ipsae
940 2751 1034 2800 balneae
1052 2749 1126 2813 igitur
1143 2751 1209 2796 erant

52 2835 153 2894 publicae,
178 2852 237 2900 quaa
259 2842 338 2884 tamea
364 2836 470 2901 Agrippa
494 2837 596 2900 gratuito
624 2838 721 2886 utendas
748 2837 872 2902 praebuit.)
900 2834 1012 2883 Notabile
1036 2848 1129 2897 quoque
1146 2830 1208 2894 quod

52 2925 125 2973 subicit
149 2927 210 2977 Dio:
260 2918 325 2984 ηκαὶ
354 2917 423 2987 τοὺς
453 2918 572 2993 κουρέας
599 2917 627 2979 ἓν
648 2929 713 2989 ταῖς
733 2919 943 2994 πανηγύρεσιν,
965 2918 1000 2985 ἃς
1021 2911 1139 2982 πολλὰς
1160 2911 1208 2974 καὶ

52 3011 236 3083 παντοδαπὰς
266 3011 400 3084 ἐποίησεν
433 3063 611 3076 .....
648 3059 656 3090 ,
688 3013 896 3092 ἐμισθώσατο,
926 3012 972 3072 ’ἵνα
995 3009 1097 3088 μηδεὶς
1117 3005 1208 3085 μηδὲν

53 3101 135 3176 αὐτοῖς
154 3107 322 3198 ἀναλώσῃ,”
357 3115 434 3163 Immo
452 3114 554 3163 moriens
571 3130 591 3162 a.
610 3131 633 3162 u.
651 3131 671 3162 a.
690 3113 739 3167 742
754 3117 783 3174 (a.
793 3112 849 3162 Chr.
860 3129 883 3160 n.
895 3111 935 3169 12)
953 3108 1080 3178 μήπους
1099 3105 1134 3166 τὲ
1145 3125 1207 3183 σφι-

53 3219 76 3256 tt
102 3216 126 3276 li.
143 3235 161 3266 e.
177 3219 275 3284 populo)
292 3207 341 3269 aeti
361 3201 395 3265 τὲ
416 3203 573 3278 βαλανεῖον
594 3201 630 3262 τὸ
655 3199 805 3279 ἐπώνυμον
831 3201 920 3264 αὐτοῦ
935 3205 1107 3277 κατέλιπεν,
1129 3200 1208 3261 ὥστε

53 3307 145 3368 προῖκα
174 3299 280 3372 αὐτοὺς
313 3307 452 3376 λοῦσθαι,
485 3305 577 3380 χωρία
608 3299 671 3360 τινὰ
701 3297 730 3369 ἐς
755 3306 843 3361 τοῦτο
864 3309 907 3379 τῷ
928 3299 1093 3378 Αὐγούστῳ
1113 3299 1207 3367 3ους.”

53 3392 98 3451 (Dio
114 3397 173 3448 Casa.
191 3398 252 3456 LIV,
277 3399 316 3456 09,
334 3402 359 3458 t)
377 3427 409 3435 -
426 3399 537 3463 Sequitur
554 3398 630 3446 Plinii
647 3400 820 3457 testamentum,
839 3399 880 3463 qui
898 3398 1055 3448 Comensibus
1064 3397 1209 3461 aliquantam

54 3482 161 3539 manniam
188 3483 274 3546 legavit
300 3487 323 3532 et
348 3483 373 3530 in
399 3482 458 3531 alios
485 3497 541 3530 usus
558 3486 581 3530 et
598 3481 626 3530 ad
644 3481 748 3530 thermas
764 3482 925 3540 aedificandas,
944 3481 1095 3536 exornandas,
1113 3479 1210 3528 tuendas

54 3560 83 3616 (C.
99 3564 109 3611 l
125 3565 150 3614 1..
161 3566 188 3623 V,
200 3566 342 3614 taoa=0r.
354 3565 426 3618 1172.
436 3565 472 3613 cf.
483 3564 593 3612 Momms.
604 3565 630 3613 in
642 3565 723 3613 Herm.
733 3564 772 3612 Ill
781 3581 832 3628 pag.
845 3565 910 3622 100.)
920 3593 951 3601 -
961 3565 1024 3612 Addi
1033 3565 1131 3627 possunt
1139 3561 1209 3609 etiam

54 3643 88 3692 alii
104 3648 164 3697 tituli
183 3648 304 3714 permulti.
328 3649 398 3698 Velut
416 3649 443 3697 Ο.
461 3648 480 3696 1.
498 3648 526 3696 L.
544 3649 577 3706 ll,
597 3648 676 3696 1956:
697 3647 976 3712 „1uniaD(ecimitfilia
994 3646 1089 3695 Rustica
1106 3644 1210 3692 sacerdos

56 3733 150 3791 perpetua
169 3771 173 3781 .
191 3770 196 3782 .
216 3767 247 3781 ..
275 3731 353 3780 solum
378 3731 467 3780 balinei
493 3729 580 3780 dedit.”
609 3758 640 3766 -
663 3730 744 3783 307οι
763 3730 809 3795 „Q
828 3731 899 3779 Torio
916 3729 946 3793 Q.
965 3731 980 3777 f.
1000 3727 1111 3776 Culleoni
1129 3763 1135 3774 .
1154 3761 1160 3774 .
1180 3764 1184 3773 .
1206 3765 1210 3772 .

56 3813 108 3870 quod
125 3851 130 3861 .
148 3851 151 3860 .
171 3853 175 3862 .
196 3854 200 3863 .
227 3815 305 3863 solum
331 3815 360 3863 ad
377 3814 499 3863 balineum
517 3814 686 3862 aedificandum
704 3813 791 3862 dedit.’'
811 3841 842 3848 —
860 3813 906 3869 Ill,
925 3811 1006 3864 738οι
1026 3810 1077 3874 „Ti
1096 3808 1211 3857 Claudius

57 3890 141 3944 Faustus
156 3903 179 3948 et
195 3898 295 3947 Claudia
311 3898 369 3946 Nais
386 3897 466 3946 Fausti
483 3897 594 3946 balneum
612 3895 699 3961 populo
716 3901 739 3944 et
755 3895 857 3944 familiai
875 3895 980 3944 Caesaris
989 3892 1138 3955 n(ostri)d(e)
1149 3895 1209 3954 1)(το-

57 3975 106 4034 lfl⁰l
129 3981 271 4041 fleuerunt).”
298 4007 329 4016 -
356 3981 383 4038 V,
410 3980 491 4029 6522:
519 3980 642 4044 „Terentia
665 3979 694 4043 Q.
712 3980 729 4027 f.
747 3979 886 4028 Postumina
903 3994 945 4026 suo
963 3981 986 4026 et
1003 3976 1030 4024 C.
1048 3974 1131 4023 Veturi
1149 3973 1175 4022 L.
1194 3974 1210 4022 l.

11 4056 12 4116 j
58 4055 185 4112 Lucumonis
202 4065 249 4112 viri
267 4063 303 4112 sui
322 4068 345 4111 et
361 4064 388 4113 0.
407 4063 488 4112 Veturi
507 4063 533 4111 0.
552 4064 568 4111 f.
587 4062 720 4111 Postumiui
738 4060 805 4123 ltilii)
817 4060 854 4109 sui
864 4061 961 4110 nomine
968 4059 1092 4108 balineum
1101 4056 1151 4105 solo
1161 4057 1208 4120 pri·

59 4145 290 4195 internetionem
307 4147 432 4210 gratuitam
451 4147 633 4211 inperpetuum
651 4144 739 4193 dedit.”
758 4171 789 4180 -
807 4144 849 4203 IX,
868 4144 933 4196 5074
950 4144 989 4205 (ol.
1008 4141 1082 4193 5075.
1098 4140 1211 4188 Bisextat

11 4244 12 4304 g
59 4220 118 4272 altaro
133 4229 235 4294 exemplo
252 4230 343 4293 integro
360 4230 433 4279 altero
451 4231 546 4284 lraotot:
570 4229 615 4293 „Q
634 4228 660 4275 0.
679 4227 793 4291 Poppaeei
813 4264 818 4275 .
839 4264 844 4276 .
864 4263 869 4276 .
888 4263 894 4275 .
912 4224 1084 4289 munieipibus,
1100 4221 1211 4278 ooloneia,

11 4308 12 4339 l
60 4301 149 4368 insulsis,
166 4312 305 4386 hospitibus,
322 4313 488 4371 adsertoribus
505 4312 647 4362 lavationem
665 4311 692 4360 in
710 4315 846 4375 perpetuom
866 4312 895 4360 de
912 4326 954 4360 aua
972 4308 1070 4375 petuma
1088 4304 1169 4359 dant.¹’
1180 4333 1211 4345 -
