3040 5134
583 610 648 678 157

44 793 166 868 natura,
190 789 227 855 ni
251 788 359 871 fallor,
377 789 734 857 eontrariumdocent.
759 787 885 855 Tribus
896 809 1023 855 nomen
1035 787 1149 855 nescio
1161 809 1206 855 en

45 902 189 969 ostendat
208 909 348 990 propter
370 903 555 985 civ-itatem,
579 924 649 969 non
672 908 810 990 propter
838 907 1034 988 egestatem,
1060 922 1210 968 commo·

46 1015 205 1082 defuisse
230 1016 321 1082 data.
366 1015 561 1083 Radbertus
585 1016 724 1104 quidem
751 1015 840 1082 inter
862 1015 1077 1082 frumentum
1100 1014 1209 1102 publi·

45 1149 115 1194 eum
148 1134 181 1195 et
214 1135 327 1196 cetera
363 1130 565 1211 ,commoda
596 1129 869 1217 principalesque
892 1126 1133 1195 liberalitates”
1159 1129 1207 1195 ita

45 1241 223 1328 distinguit,
259 1249 298 1308 ut
332 1245 427 1330 prins
455 1243 543 1308 illud
565 1249 702 1309 tantum
727 1243 841 1330 quoad
864 1243 900 1307 in
925 1241 1132 1329 pauperibus
1155 1263 1205 1308 re·

46 1356 126 1422 censi
159 1362 271 1423 essent
304 1357 346 1423 iis
379 1357 500 1424 datum
523 1357 624 1423 fuisse
648 1355 858 1436 arbritratur,
883 1355 990 1421 altera
1013 1361 1141 1436 contra,
1167 1360 1206 1421 ut

45 1469 212 1556 cumipse
235 1469 328 1536 tribu
352 1469 545 1550 coniuncta,
569 1475 761 1557 periciam
781 1469 889 1535 vitam
912 1469 1059 1534 tenuisse
1072 1491 1079 1549 ;
1106 1466 1132 1553 ¹)
1145 1468 1204 1534 sed

45 1580 111 1646 talis
143 1582 316 1649 distinctio
349 1583 486 1668 longius
521 1582 657 1651 videtur
691 1604 761 1649 esse
796 1583 950 1669 repetita.
997 1580 1101 1669 Apud
1124 1581 1203 1648 scri-

45 1700 145 1779 ptores
168 1696 257 1761 nihil
280 1695 429 1778 invenie,
458 1718 502 1762 ex
525 1717 593 1784 quo
617 1696 705 1762 effici
729 1696 833 1783 possit
856 1716 922 1778 ecs,
948 1694 1073 1783 quibus
1096 1694 1205 1762 tribus

45 1806 145 1892 legata
168 1809 224 1877 vel
248 1809 388 1876 vendita
410 1816 506 1891 esset,
529 1831 610 1875 cum
630 1809 770 1875 meliore
793 1808 993 1875 condicione
1017 1815 1203 1889 uterentur,

45 1921 197 1989 frumenti
220 1923 275 1989 ius
297 1923 459 1990 amisisse.
485 1922 511 2010 ⁹)
534 1923 626 2002 Quin
652 1930 775 1989 tessera
799 1922 1024 1988 frumentaria
1041 1943 1205 2008 -quam

45 2034 158 2102 talibus
180 2036 264 2102 locis
287 2037 433 2123 positam
456 2058 527 2103 esse
550 2043 632 2123 puto
657 2057 718 2123 pro
740 2037 810 2102 inre
831 2037 869 2101 in
892 2043 1016 2102 macrae
1038 2035 1108 2102 sive
1136 2035 1206 2101 inre

17 2133 19 2138 ¹
45 2149 76 2212 in
99 2150 301 2234 frumentum
325 2150 493 2236 pubiicum
523 2149 549 2236 ⁸)
573 2149 748 2216 -cuivis
783 2147 889 2234 legari
926 2147 981 2216 vel
1005 2148 1122 2216 venire
1150 2169 1208 2234 po·

46 2261 135 2329 tuisse
171 2262 317 2337 videtur,
357 2262 544 2329 dnmmodo
578 2263 663 2330 civis
696 2269 756 2328 eut
789 2266 875 2328 esset
902 2267 1065 2327 autenm
1093 2261 1206 2329 civem

47 2373 109 2440 fieri
141 2377 192 2442 fas
219 2382 314 2458 esset,
339 2375 492 2462 exceptis
514 2375 593 2442 solis
624 2374 818 2442 clarissimis
842 2374 934 2441 viris.
958 2374 985 2461 ⁴)
1031 2373 1206 2441 Nimirum

47 2489 127 2554 credi
160 2495 272 2576 potest
302 2488 435 2570 liberto,
468 2489 566 2555 cuius
599 2489 635 2554 in
671 2488 825 2555 testanda
865 2486 956 2554 tribu
975 2509 1053 2554 erus
1074 2508 1205 2554 memor

48 2600 155 2683 fuerat,
180 2603 323 2669 minime
344 2603 520 2688 ingratum
544 2603 627 2690 quid
650 2601 821 2688 accidisse,
847 2601 1207 2689 quippecuiustenui-

49 2719 91 2778 tas
111 2716 201 2782 haud
226 2716 458 2802 spernendum
481 2715 518 2781 in
542 2716 684 2782 modum
708 2720 963 2781 sustentaretur.
998 2713 1077 2781 Non
1089 2720 1206 2780 tamen
1231 2708 1234 2716 ’

49 2829 190 2914 sequitur
223 2837 262 2895 ut
296 2837 356 2895 aut
389 2829 498 2895 tribus
531 2836 642 2895 essent
675 2829 852 2914 egentium
886 2849 1028 2914 corpora
1062 2848 1207 2894 -erus

50 2950 232 2962 ᾕ-

50 2998 86 3058 ,In
104 3000 154 3049 dem
172 3001 285 3050 Gedichte
294 3001 333 3050 dee
342 2999 495 3050 christlichen
503 3001 591 3050 Poeten
599 3000 743 3050 Prudentius
753 3035 859 3049 .......
868 2999 985 3049 emeheint
993 2999 1031 3047 die
1039 3013 1118 3063 grosse
1127 2999 1207 3048 Mehr·

49 3079 90 3129 icit
105 3084 143 3132 der
162 3082 296 3132 rimischen
312 3083 477 3148 Beviilkerung
494 3083 597 3133 offenbar
614 3083 650 3133 ele
670 3083 708 3132 ein
729 3081 925 3146 unbeschiiftigtes
944 3083 986 3131 eus
1002 3081 1136 3131 dffentliche
1145 3081 1206 3131 Kos·

50 3167 82 3212 ten
104 3166 232 3218 erhnltenes
250 3167 505 3231 Massenprcletcriat.”
523 3167 628 3232 Respicit
644 3167 674 3215 ed
693 3167 805 3216 Prudent.
823 3167 844 3222 1,
862 3165 910 3214 584
928 3181 991 3230 seqq.
1001 3185 1007 3223 ς
1026 3165 1059 3225 11,
1076 3167 1124 3215 948
1143 3181 1206 3231 seqq.

80 3251 94 3307 ¹)
125 3251 170 3298 Zur
185 3250 225 3299 ln.
243 3249 266 3299 d.
284 3250 372 3299 Scchw.
390 3250 414 3299 d.
432 3249 516 3300 Geldee
533 3250 568 3299 im
585 3249 643 3309 Alt,
661 3249 678 3299 l.
696 3249 714 3299 l.
730 3250 785 3298 adn.
802 3249 832 3298 21
852 3252 913 3314 (pag.
932 3249 980 3298 393
998 3251 1071 3313 seqq.)

78 3329 95 3391 ¹)
126 3333 175 3382 Hac'
199 3333 297 3398 quidem
323 3333 349 3381 in
376 3348 401 3381 re
420 3349 434 3381 a
452 3333 567 3381 liudberto
583 3332 695 3382 dissentit
711 3331 846 3398 Pdhlmann
863 3331 889 3394 (l.
908 3331 925 3380 l.
943 3348 995 3398 pag.
1014 3331 1071 3393 d9):
1091 3331 1207 3397 „lanuin-

50 3410 133 3464 licheud
157 3415 239 3465 wirkte
264 3416 305 3464 das
330 3416 422 3480 Syetcm
449 3415 522 3464 durch
549 3415 587 3464 die
613 3414 791 3479 Pienlosigkeit,
818 3414 863 3464 mit
887 3415 929 3462 der
954 3430 979 3463 es
996 3415 1060 3464 scine
1077 3412 1158 3463 anen
1176 3441 1208 3451 -

51 3496 142 3546 effenbar
165 3499 227 3547 ohne
252 3499 388 3562 geniigende
416 3497 535 3554 Contrcle,
561 3496 590 3546 ob
616 3498 657 3546 der
682 3498 826 3562 Empsdnger
842 3497 1136 3562 selbstversorgungesdhig
1153 3497 1209 3546 oder

51 3578 116 3639 nicht,
134 3581 160 3629 ob
177 3581 272 3644 wiirdig
286 3582 336 3630 und
351 3581 470 3645 bediiritig
487 3582 542 3630 eder
561 3581 676 3630 nicht-
693 3582 751 3630 iiber
767 3581 805 3630 die
823 3581 916 3629 Massen
934 3585 1063 3630 anestreute
1079 3581 1129 3628 und
1146 3580 1207 3637 dem,

52 3659 86 3709 der
107 3663 190 3714 einmcl
218 3665 258 3713 ein
283 3664 387 3713 Anrccht
412 3664 487 3713 durch
503 3664 544 3712 des
562 3664 622 3713 Lcoe
639 3680 776 3728 gewonnen,
794 3663 899 3712 daseelbe
915 3664 958 3712 nui
973 3663 1108 3712 Lebenezeit
1125 3679 1208 3726 geren-

52 3742 105 3806 iirte,
127 3748 216 3797 mochte
242 3747 293 3796 sich
319 3747 383 3796 aeine
409 3745 616 3796 wirthschaftliche
642 3747 702 3812 Lege
720 3746 834 3811 gestulten
851 3747 896 3794 wic
913 3747 947 3794 sie
962 3745 1050 3795 wollte.
1084 3745 1137 3794 wie
1153 3746 1208 3796 weit

53 3839 100 3875 man
122 3845 164 3880 von
187 3831 253 3880 einer
269 3833 442 3894 consequentes
460 3829 692 3892 Indiuidualisirunp
709 3831 811 3879 entr'emt
827 3845 882 3887 war,
900 3829 962 3878 ohne
978 3828 1067 3877 welche
1083 3828 1143 3877 doch
1161 3845 1208 3878 von

54 3908 109 3959 einer
130 3913 268 3963 wirlrlichen
294 3913 458 3978 Bekiimpsung
483 3915 524 3962 dcr
549 3913 653 3962 Armuth
678 3914 745 3962 nicht
770 3913 807 3961 die
824 3913 887 3962 Rede
904 3912 954 3960 sein
971 3911 1124 3969 kenn,dsii1r
1141 3917 1208 3976 zeugt

54 3993 104 4041 cuch
127 3996 165 4046 der
188 3996 315 4056 Umstrud,
343 3997 396 4045 dees
414 3996 452 4046 die
469 4001 554 4046 tessera
571 3997 789 4046 frumentariavon
807 3996 882 4044 ihrem
900 3995 1002 4044 Inhaber
1019 3995 1080 4043 nach
1096 3993 1208 4043 Belieben

56 4075 155 4127 zeitweise
177 4078 311 4143 abgetreten
336 4080 392 4128 oder
411 4079 519 4143 ginalich
537 4084 669 4128 verdussert
684 4080 776 4128 werden
793 4078 905 4127 konnie.’'
940 4078 1018 4127 Immo
1037 4094 1090 4128 vero
1107 4094 1137 4126 ne
1153 4093 1208 4142 pro·

55 4158 144 4219 positum
160 4162 256 4227 quidem
273 4161 346 4210 inisse
363 4167 390 4211 ut
405 4167 492 4224 egestus
510 4163 695 4227 impugnaretur,
712 4162 756 4210 hoc
773 4161 824 4226 ipen
841 4177 922 4210 rursus
939 4166 1041 4227 apparet.

82 4240 99 4301 ³]
129 4245 162 4293 Ita
177 4245 249 4294 etiam
266 4244 378 4294 Mommc.
396 4245 464 4295 Ram.
482 4245 547 4294 Trib.
565 4261 616 4310 pag.
636 4244 699 4306 198„

84 4324 100 4385 ⁴)
130 4327 180 4394 Ing,
197 4329 298 4388 xxxll,
316 4328 346 4378 ³5
366 4344 403 4394 pn
