3040 5134
619 555 661 622 87

74 733 222 801 Gracchi
259 759 340 803 cum
374 737 413 803 in
448 760 484 804 re
508 737 643 822 agraria
665 758 794 804 novam
817 736 987 803 rationem
1011 733 1202 820 receperint

36 846 292 936 plurimumque
327 858 361 917 et
383 852 456 918 vivi
486 858 520 918 ct
543 851 670 917 mortui
692 849 873 930 valuerint,
897 850 991 915 haud
1014 847 1203 914 absurdum

38 961 171 1046 quidem
206 963 320 1030 videri
349 965 454 1052 possit
488 965 525 1030 in
558 964 760 1031 universum
784 985 945 1051 quaerere
971 983 1075 1049 quam
1104 967 1202 1026 natu·

37 1095 104 1138 ram
126 1075 298 1143 haberent
320 1099 440 1144 eorum
462 1077 603 1144 consilia
627 1077 778 1164 quidque
803 1076 901 1143 nobis
924 1076 965 1141 de
988 1075 1030 1142 iis
1053 1072 1096 1140 sit
1116 1073 1203 1139 iudi·

38 1188 188 1255 candum.
225 1189 337 1277 Atqui
359 1191 396 1256 id
419 1191 513 1257 dictu
539 1212 644 1276 quam
666 1213 702 1257 re
726 1190 859 1256 facilius
882 1196 941 1256 est.
987 1189 1067 1255 Non
1090 1187 1202 1254 solum

38 1301 123 1366 enim
155 1302 238 1368 inde
278 1303 322 1369 ab
346 1304 619 1389 omnitempore
644 1310 746 1390 prout
771 1304 914 1390 quisque
938 1302 979 1368 dc
1005 1300 1206 1388 republica

37 1413 100 1498 ipse
122 1415 302 1498 sentiebat,
326 1416 374 1482 ita
397 1423 457 1485 aut
480 1437 606 1501 magna
619 1417 855 1482 Gracchorum
867 1415 1092 1482 admiratione
1109 1420 1202 1479 tene-

39 1525 130 1592 batur
152 1535 212 1594 aut
235 1530 448 1597 severissime
471 1551 527 1595 eos
554 1529 760 1616 corripiebat
783 1567 827 1577 -
849 1528 941 1593 unde
953 1526 1145 1615 periculum
1159 1548 1202 1593 ne

41 1640 126 1724 quasi
153 1663 215 1727 per
238 1641 424 1727 caliginem
447 1665 499 1708 res
522 1642 703 1709 videamus
720 1641 745 1730 ¹)
768 1665 832 1723 -3
868 1663 990 1709 verum
1025 1641 1138 1721 etiam,
1175 1640 1203 1706 si

42 1751 77 1815 ab
108 1753 148 1818 iis
185 1754 388 1835 discesseris,
425 1777 512 1842 quae
547 1737 785 1842 compluribus
819 1754 902 1820 locis
936 1754 1087 1840 dispersa
1110 1753 1203 1840 apud

41 1865 207 1951 scriptores
242 1868 416 1952 leguntur,
451 1875 563 1934 totum
591 1890 707 1934 rerum
731 1867 887 1933 ordinem
910 1867 1139 1953 comperimus
1160 1887 1204 1930 ex

43 1976 213 2046 Plutarcho
238 1988 274 2046 et
296 1981 467 2068 Appiano,
492 1980 518 2068 Β)
543 1981 603 2068 qui
625 1981 690 2067 ipsi
714 1980 836 2046 Graeci
859 1980 922 2070 suh
946 1979 1124 2045 Hadriano
1148 1978 1203 2044 de·

43 2111 128 2156 mum
159 2093 368 2180 imperatore
405 2094 566 2160 vixerunt
589 2115 701 2181 neque
724 2093 761 2159 in
785 2092 936 2159 fontibus
959 2093 1028 2158 suis
1049 2092 1203 2176 legendis

43 2202 151 2270 subtile
175 2206 347 2272 iudicium
370 2207 532 2274 adhibere
556 2207 720 2272 solebant.
745 2204 771 2293 8)
807 2205 883 2271 Hoc
906 2212 1023 2271 tamen
1037 2227 1098 2292 pro
1110 2211 1202 2271 certo

45 2313 101 2380 dici
122 2339 216 2404 posse
241 2320 388 2403 videtur,
413 2320 649 2386 Gracchorum
672 2320 819 2385 rationes
842 2318 959 2384 multis
977 2318 1130 2405 partibus
1142 2340 1203 2384 nos

45 2427 214 2498 admonere
250 2433 293 2498 de
331 2433 554 2514 „Socialistis”
591 2433 651 2520 qui
686 2433 788 2498 hodie
813 2439 988 2500 vocantur.
1002 2431 1028 2519 ⁴)
1053 2431 1202 2498 Omnem

51 2595 230 2610 -ᾕ-ι

74 2687 90 2748 1)
113 2690 145 2740 Ut
168 2709 195 2741 ex
221 2693 254 2742 iis
281 2693 324 2758 qui
346 2693 507 2742 Gracchorum
524 2710 597 2758 prope
614 2693 722 2758 aequales
739 2694 836 2743 fuerunt
856 2709 931 2742 unum
948 2693 1085 2742 Ciceronem
1102 2711 1204 2743 commc-

47 2785 130 2829 morcm,
147 2790 217 2838 quarn
235 2777 306 2840 longe
322 2777 391 2834 absit,
409 2780 436 2825 ut
452 2777 588 2840 incorrupta
604 2780 674 2841 atquc
690 2777 781 2840 integra
798 2777 825 2825 dc
843 2776 875 2825 iis
892 2776 1040 2834 iudicaverit,
1057 2776 1205 2840 inpromptu

48 2855 82 2900 cst.
98 2853 131 2904 Gi.
148 2873 202 2906 cum
218 2859 256 2907 De
275 2860 320 2907 Off.
337 2859 371 2916 11,
391 2858 429 2916 12,
447 2859 480 2907 43
498 2859 526 2907 de
544 2858 670 2908 Gracchis:
694 2860 759 2924 „Noc
777 2858 826 2907 vivi
836 2858 995 2923 probabantur
1005 2858 1074 2907 bonis
1083 2863 1106 2908 ct
1115 2860 1203 2908 mortui

48 2950 157 2988 numerum
182 2943 295 3006 optinent
326 2942 377 2990 iura
400 2941 544 2991 caesorum.¹'
579 2943 690 2991 Ceterum
707 2943 771 2991 idam
788 2957 865 2991 coram
884 2941 951 3006 plebe
969 2941 1014 3004 (Dc
1030 2942 1085 3006 Icg.
1103 2959 1152 3007 agr.
1170 2942 1204 3000 11,

49 3018 67 3075 5,
82 3020 132 3080 lbi:
151 3025 220 3088 „Nou
237 3041 292 3075 sam
308 3029 388 3075 autem
405 3042 446 3090 ago
461 3027 481 3075 is
498 3025 588 3084 consul,
606 3026 655 3091 qui,
674 3029 701 3075 ut
719 3019 833 3090 plerique,
843 3027 907 3074 netas
916 3042 964 3074 csse
978 3026 1079 3075 arbitrer
1088 3026 1205 3076 Gracchos

50 3098 144 3152 laudaro:
161 3123 265 3171 quorum
282 3108 396 3166 consiliis,
414 3109 530 3172 sapientia
547 3108 636 3158 multas
654 3125 702 3156 csse
719 3109 787 3157 video
798 3107 943 3171 reipublicae
952 3111 1030 3172 partes
1039 3110 1204 3158 constitutas.''
1291 3158 1293 3162 .

75 3183 91 3244 ²)
114 3187 148 3236 Dc
162 3190 272 3240 tontibus
288 3207 317 3239 cx
334 3190 423 3255 quibas
439 3191 539 3240 historia
555 3191 714 3240 Gracchorum
732 3191 882 3255 cognoscitur
899 3192 928 3239 cf.
947 3191 1052 3250 Nitaach,
1070 3192 1115 3240 Dic
1133 3192 1204 3241 Grac-

51 3264 106 3324 chen,
121 3285 170 3334 pag¹
188 3273 237 3324 437
256 3289 319 3337 seqq,

77 3348 93 3408 ³)
109 3351 143 3400 Gi.
160 3353 240 3405 Christ
259 3356 285 3404 in
301 3357 343 3405 Iw.
362 3372 386 3404 v.
403 3355 460 3404 M.'s
477 3355 573 3404 Handb.
591 3355 652 3404 vl1²
670 3355 713 3404 sub
733 3353 784 3404 illia
801 3355 948 3404 nominibus.

78 3432 95 3490 ⁴]
117 3434 202 3498 Quaclq
228 3439 265 3486 Dc
291 3438 437 3496 Socialistcn‚
462 3439 475 3487 I
501 3455 552 3502 pag.
572 3441 603 3486 54
621 3455 684 3503 seq:
720 3439 786 3504 „Ha
802 3439 823 3488 is
839 3455 872 3487 nu
892 3440 976 3488 uitcrct
992 3440 1148 3504 cigcnaardig,
1166 3441 1207 3490 dat

51 3511 74 3559 (le
96 3531 173 3579 aporen
198 3536 244 3571 vau
270 3521 311 3570 hct
336 3522 490 3571 Romcinsche
516 3521 646 3570 socialisme
665 3522 726 3585 juist
742 3523 768 3571 iu
786 3523 826 3571 dat
843 3538 899 3570 voor
916 3523 945 3571 dc
962 3523 1092 3572 Romaiucn
1109 3540 1150 3572 zoo
1166 3525 1205 3574 be·

52 3591 140 3660 hugrijlr
163 3599 264 3652 clement
289 3620 335 3653 van
361 3605 389 3653 dc
414 3604 497 3652 allero
514 3604 560 3667 a‘q'n
577 3607 692 3654 outstaan.
727 3605 791 3654 'l'oen
809 3605 837 3653 do
853 3605 1052 3669 oorspronkelijke
1068 3605 1205 3655 landbouw·

53 3679 173 3731 mannam
190 3685 330 3735 bcdicrvcn:
348 3690 403 3735 tocn
420 3686 460 3735 het
477 3687 552 3736 stactis
570 3687 622 3735 zich
639 3687 788 3736 uitbreidcud
803 3687 865 3751 getal
883 3703 929 3735 vau
947 3687 1027 3737 slavcn
1037 3688 1065 3737 dc
1076 3688 1206 3752 produktic

53 3755 75 3805 in
96 3761 113 3809 'l
134 3771 198 3828 groot
223 3770 303 3819 aldaar
329 3769 439 3834 mogelijlr
457 3770 563 3818 maalrtc:
581 3774 636 3818 tocn
653 3771 810 3819 concentratic
827 3772 868 3819 dcr
885 3769 936 3818 vele
952 3771 1058 3834 groudcn
1075 3771 1101 3818 iu
1117 3772 1206 3835 wciuig

54 3837 140 3903 handen,
161 3867 189 3898 en
206 3852 361 3902 absenteismc
378 3853 418 3901 der
435 3853 554 3917 eigcnaara
570 3854 706 3903 tocstauden
724 3855 750 3903 in
767 3854 807 3902 hat
823 3854 891 3902 leven
910 3854 998 3916 ricpen,
1015 3852 1090 3900 welle
1107 3869 1150 3902 aan
1167 3855 1206 3903 dia

56 3937 94 3972 ran
116 3928 205 3982 lerland
229 3937 290 3984 doen
315 3935 422 3984 dcnlrcu:
440 3939 495 3984 tocn
511 3937 622 3985 ontstond
638 3936 679 3985 het
695 3936 827 4000 agrarischc
844 3935 1001 4000 proletariaat‚
1019 3952 1048 3983 cn
1066 3939 1146 3984 tavena
1163 3953 1206 3985 eeu

59 4009 133 4072 1³⁰8le
148 4030 184 4063 om
201 4019 389 4068 revolutionair”
407 4047 438 4054 —
456 4020 485 4066 ci.
497 4020 559 4067 infra
573 4036 631 4083 quae
640 4019 732 4067 laudavi
743 4035 771 4066 cx
781 4018 933 4066 Mommsenii
944 4019 1051 4066 Historia
1059 4019 1165 4068 Romana
1174 4049 1205 4055 -

58 4093 89 4147 alt
104 4091 180 4157 helpen
197 4116 226 4148 cu
244 4103 270 4149 in
288 4106 311 4149 tc
327 4101 433 4164 grijpen:
452 4101 621 4165 ccuagrarisch
631 4101 790 4150 Socialisme.''
809 4129 840 4135 —
856 4101 916 4148 Rud.
927 4101 1056 4157 Leonhard,
1066 4102 1205 4150 RomaVcr-

58 4178 180 4236 brunhari
204 4184 253 4232 und
271 4183 441 4232 Deutschlands
459 4183 539 4239 Racht,
558 4199 608 4247 pag.
628 4183 675 4230 66:
711 4183 813 4246 „Miigcu
831 4183 868 4230 die
885 4182 979 4231 wahren
996 4184 1147 4232 Tricbfederu
1165 4185 1207 4233 der

63 4250 166 4311 Graehen
189 4267 248 4316 noch
265 4285 291 4317 ao
307 4265 450 4315 zwciiclhast
467 4266 525 4322 acin,
543 4266 582 4314 dic
600 4266 745 4329 uugehcucre
762 4265 891 4328 'lragwcita
907 4266 972 4314 ihrer
989 4266 1157 4316 Wirksamkcit
1175 4269 1207 4317 ist
