3122 5130
873 553 914 618 10

301 743 420 789 corum
451 723 590 808 ingenia
622 748 703 794 cum
736 729 974 798 Romanorum
1008 735 1147 802 confert.
1194 736 1238 801 In
1260 735 1324 802 isto
1347 755 1473 819 genere

301 835 465 902 notabilia
498 845 586 919 sunt,
623 861 710 926 quae
734 842 816 908 dicit
839 845 1035 933 Xenophon
1057 848 1099 914 de
1122 849 1228 915 servis
1251 869 1321 914 non
1344 847 1470 915 validis

302 949 338 1013 in
372 948 458 1016 libro
494 951 554 1037 qui
587 952 784 1020 inscribitur
818 957 1074 1042 Oeconomicus,
1105 960 1166 1028 ubi
1190 961 1332 1049 quidam
1355 961 1470 1028 Ischo·

302 1062 444 1128 machus
455 1065 554 1129 uxori
566 1086 662 1132 suae:
690 1065 767 1148 ,,Ἓν
796 1069 896 1144 μέντοι
919 1079 978 1132 τῶν
998 1073 1044 1133 σοὶ
1063 1075 1283 1149 προσηκόντων,
1306 1071 1378 1153 ἔφην
1399 1069 1467 1144 iria
1525 1089 1526 1136 l

301 1171 534 1252 ἐπιμελημάτων
565 1178 633 1248 ibor
659 1177 897 1258 ἀχαριστότερον
927 1176 1003 1256 δόξει
1027 1169 1093 1238 εἶναι
1128 1175 1172 1237 ὅτι
1191 1175 1224 1247 ὅς
1244 1176 1280 1236 ἂν
1293 1179 1399 1266 κάμνῃ
1414 1183 1469 1238 τῶν
1526 1184 1527 1244 l

300 1278 429 1354 οἰκετῶν,
461 1283 574 1342 τούτων
594 1303 640 1341 σοι
660 1279 853 1359 ἐπιμελητέον
873 1284 1004 1356 πάντων,
1027 1280 1106 1352 ὅπως
1126 1283 1357 1358 θεραπεύηταίζ
1407 1282 1468 1347 Re-

299 1390 443 1476 spondet
465 1400 581 1459 autem
600 1414 700 1459 uxor:
726 1391 790 1457 »Ne
811 1393 873 1466 Δί’,
885 1389 1060 1468 ἔφηὴγννή,
1073 1389 1329 1472 ἓντιχαριτὼτατον
1340 1381 1467 1471 μὲνοῦν,

300 1498 334 1570 ἣν
353 1501 490 1580 μέλλωσί
515 1525 553 1580 γε
574 1509 598 1564 οἱ
608 1509 708 1574 καλῶς
719 1503 959 1579 &recreabitur
970 1504 1056 1583 χάριν
1072 1504 1210 1562 εἴσεσθαι
1226 1503 1275 1564 καὶ
1291 1501 1468 1578 εὐνούστεροι
1527 1493 1528 1510 ’

300 1601 474 1682 ἣπρόσθεν
494 1607 651 1670 ἐ’σισθαι.”
674 1609 696 1688 ¹)
729 1608 943 1688 Quibuscum
977 1609 1130 1674 conferas
1156 1608 1294 1686 Catonis
1317 1608 1359 1674 de
1385 1607 1468 1692 Agri

193 1729 194 1732 ’
301 1715 443 1782 Oulture
465 1720 494 1800 2,
520 1719 550 1786 7.
597 1723 680 1789 Cato
716 1745 829 1791 servos
854 1721 966 1788 bubus
990 1721 1272 1808 ferramentisque
1296 1721 1333 1786 in
1357 1741 1464 1808 aequo
1529 1764 1530 1836 p

301 1829 406 1915 ponit,
452 1853 658 1924 servumque
704 1859 830 1917 senem,
878 1857 1015 1902 servum
1060 1834 1258 1901 morbosum
1295 1835 1397 1901 iuxta
1430 1855 1464 1898 ac

302 1941 405 2010 boves
439 1947 571 2015 vetulos
604 1957 638 2017 et
670 1951 838 2038 plostrum
871 1955 970 2016 vetus
1003 1948 1119 2014 venire
1153 1949 1257 2015 iubet.
1286 1947 1312 2035 ς)

345 2058 440 2136 Quae
471 2082 551 2127 curn
573 2064 621 2129 ita
644 2065 720 2145 sint,
741 2066 811 2130 iam
833 2062 1045 2147 intellegitur
1068 2083 1138 2128 non
1161 2083 1288 2148 paucos
1311 2083 1383 2128 esse
1409 2058 1464 2146 qui
1530 2049 1531 2088 ³

302 2170 471 2256 populum
511 2176 710 2242 Romanum
744 2178 788 2243 ad
822 2176 1089 2242 misericordiam
1123 2196 1332 2262 propensum
1368 2175 1465 2240 fuisse
1531 2243 1532 2270 ἒ

302 2292 476 2368 negarent.
501 2288 552 2354 Ne
564 2310 627 2374 ego
641 2289 781 2376 quidem
793 2290 890 2356 aliter
902 2289 1096 2356 existimare
1110 2288 1229 2354 ausim.
1255 2287 1421 2354 Attamen
1432 2285 1465 2350 in
1531 2275 1532 2282 '

303 2396 470 2463 eiusmodi
493 2399 593 2466 rebus
616 2424 659 2468 ex
682 2425 792 2490 aequo
815 2403 964 2469 iudicare
985 2402 1120 2468 difficile
1133 2407 1193 2468 est.
1217 2403 1293 2466 Iam
1305 2403 1465 2488 primum,
1532 2467 1533 2492 ἓ

303 2515 342 2574 ut
374 2511 412 2576 in
435 2512 577 2598 singulis
601 2516 810 2597 hominibus,
834 2517 882 2582 ita
904 2517 941 2581 in
964 2515 1099 2602 populis
1122 2514 1262 2602 aliquod
1285 2513 1466 2580 discrimen

304 2629 455 2690 aetatum
489 2633 547 2693 est.
594 2628 641 2693 At
675 2631 807 2696 etiarnsi
841 2631 905 2695 hoc
935 2630 1141 2710 omittamus
1165 2628 1277 2694 cautio
1300 2627 1468 2714 quaedam

304 2736 498 2804 adhibenda
531 2741 666 2808 uidetur
699 2744 736 2808 in
767 2743 923 2830 plurimis
958 2743 1049 2823 locis,
1074 2740 1117 2808 ad
1141 2763 1225 2828 quos
1247 2740 1297 2805 illi
1320 2741 1468 2825 relegare

304 2850 421 2918 solent.
469 2854 517 2920 Ut
550 2877 629 2921 cum
665 2857 806 2944 quidam
840 2879 944 2922 senex
967 2856 1049 2921 dicit
1072 2845 1164 2941 apud
1186 2853 1372 2920 Plautum:
1402 2852 1467 2933 „De

305 2965 461 3031 mendico
497 2967 585 3032 male
620 2976 778 3050 meretur,
815 2971 874 3056 qui
908 2970 939 3034 ei
974 2969 1032 3035 dat
1067 2968 1159 3055 quod
1181 2967 1251 3033 edit
1274 2974 1334 3032 aut
1356 2966 1466 3034 bibat:

306 3077 396 3142 Nam
441 3086 475 3145 et
507 3080 594 3147 illud
624 3083 716 3169 quod
750 3084 808 3148 dat
842 3083 953 3169 perdit
986 3090 1019 3149 et
1053 3082 1103 3147 illi
1137 3081 1250 3168 prodit
1284 3081 1395 3148 vitam
1429 3074 1469 3142 ad

301 3191 505 3259 miseriam.''
540 3193 567 3282 8)
623 3195 715 3261 Addi
758 3203 915 3282 poterant
957 3196 1040 3261 haec
1077 3195 1183 3262 verba
1220 3216 1263 3259 ex
1301 3191 1466 3280 Captivis:

306 3305 481 3386 „Nominis
504 3309 661 3374 miserere
685 3317 856 3390 certumst,
883 3310 963 3396 quia
986 3310 1055 3374 mei
1072 3309 1208 3374 miseret
1220 3306 1430 3372 neminem.'’
1443 3302 1467 3388 4)

302 3418 442 3485 Talibus
464 3420 546 3487 locis
568 3428 684 3488 tamen
707 3445 750 3488 ex
773 3424 910 3489 comicis
933 3423 1077 3509 sumptis
1088 3422 1236 3486 nimium
1249 3420 1469 3514 tribuendum

212 3559 215 3564 ·
303 3554 374 3598 non
419 3554 488 3600 esse
526 3536 563 3600 in
589 3543 752 3623 promptu
789 3544 847 3602 est.
894 3538 1154 3621 Nonnunquam
1183 3540 1356 3600 auctorem
1382 3528 1469 3598 male

311 3701 502 3711 ——0—

341 3767 358 3826 ¹)
377 3769 438 3818 Xeu.
457 3769 513 3818 Oee.
535 3769 558 3828 7,
577 3770 617 3824 37.

338 3849 357 3910 ²)
383 3851 432 3900 Nec
456 3851 555 3902 Prevort
580 3852 680 3902 Peredol
709 3869 751 3902 nce
769 3854 851 3920 Queok
868 3854 961 3903 monuit
979 3852 1138 3902 Columellam
1156 3852 1192 3914 (R.
1212 3853 1241 3900 R.
1259 3851 1318 3908 llll,
1338 3851 1361 3912 l)
1375 3858 1469 3915 prorsus

305 3932 385 3981 eedem
402 3935 584 3999 suaderentque
601 3935 787 4000 Xenophontem.
806 3937 853 3985 Sed
869 3937 975 4001 primurn
994 3937 1071 4001 iprum
1089 3934 1269 3999 Xenophontem
1286 3947 1360 3998 poene
1373 3933 1403 3980 ad
1420 3941 1469 3978 ver·

307 4013 364 4063 bum
397 4016 481 4064 Letine
512 4017 659 4068 tmustulirre
684 4018 794 4075 videtum
820 4022 871 4067 tum
897 4017 1041 4067 Columellas
1067 4021 1140 4067 aetate
1165 4017 1291 4066 homiuum
1313 4019 1404 4064 mentes
1427 4008 1468 4057 1¹1¹·

306 4097 451 4147 meuioribm
467 4098 604 4149 notionibus
620 4099 724 4150 imbutae
740 4105 813 4150 erent.

340 4180 360 4240 ³)
394 4181 472 4230 Pleut.
490 4182 557 4231 'Prin
574 4182 608 4240 11,
622 4183 649 4240 ὓ,
668 4183 698 4232 58
716 4199 763 4248 seq.
779 4183 834 4245 (Ed.
852 4185 923 4233 Goetr
940 4195 964 4234 et
980 4184 1088 4243 Schoell).

340 4266 361 4326 ⁴)
395 4264 463 4329 Gapt.
481 4264 526 4323 Ill,
546 4266 568 4323 5,
588 4265 635 4316 loo
654 4281 700 4329 seq.
