3040 5134
581 615 643 680 143

69 792 157 858 Ata
183 794 286 878 parte
312 809 427 857 eorum
451 812 535 878 quos
556 792 724 879 impugno
749 793 910 860 videntur
937 815 1008 860 esse
1032 787 1206 862 vocabula

32 904 154 971 Graeca
179 913 312 984 πένητες
334 903 386 969 vel
400 914 510 991 ἄποροι.
535 905 590 972 Sic
611 906 704 972 enim
717 906 845 973 Graece
859 906 1025 994 appellari
1039 907 1201 972 dicuntur

31 1019 84 1104 qui
103 1020 324 1084 frumentum
349 1019 525 1107 accipiant.
570 1019 645 1084 Iam
669 1020 824 1086 attendas
848 1021 911 1087 hos
933 1021 981 1086 ita
1004 1020 1072 1086 dici
1096 1041 1200 1087 nona

28 1124 247 1211 scriptoribus
270 1124 411 1202 Latinis,
436 1125 537 1192 seda
560 1125 708 1202 Graecis,
733 1126 793 1212 qui
809 1147 895 1191 num
909 1126 1058 1192 rationes
1070 1126 1195 1192 Roma·

30 1259 85 1303 nas
118 1239 201 1305 satis
229 1239 475 1325 perspexerint,
500 1237 651 1304 dubitari
674 1237 763 1304 licet.
811 1239 888 1306 Hoc
912 1245 1028 1306 tamen
1052 1239 1195 1305 missurn

29 1351 199 1418 faciamus.
246 1351 341 1442 Quid
366 1351 472 1436 igitur
494 1351 619 1418 docent
634 1350 905 1419 istavocabula?
951 1353 1108 1418 Primum
1126 1374 1196 1420 mc-

31 1465 181 1530 nendum
213 1474 344 1546 πένητας
365 1471 398 1532 at
417 1473 547 1550 ἀπόρους
568 1486 638 1532 non
661 1465 753 1531 idem
778 1465 900 1546 valere,
925 1471 965 1531 ut
986 1472 1130 1553 apparet
1153 1488 1197 1533 ex

31 1578 91 1644 illis
113 1579 207 1661 lociS,
232 1579 292 1646 ubi
314 1601 384 1646 una
407 1586 600 1647 occurrunt.
628 1578 653 1666 1)
675 1579 785 1660 Prius,
810 1578 903 1665 quod
925 1578 1028 1645 latius
1052 1585 1146 1667 patet
1170 1577 1200 1666 ⁸)

30 1755 110 1835 ὀξέως
142 1756 233 1828 οὕτως
263 1757 301 1819 ἑνὶ
331 1760 529 1835 πολιτεύματι
559 1756 611 1818 τὸν
637 1757 731 1831 δῆμον
751 1758 942 1831 ι’πηγὰγεπο,
964 1756 1200 1836 συμπράξαντος

30 1850 102 1930 αὐτῷ
124 1852 272 1926 Φουλβίου
293 1854 442 1916 Φλάκκου.
466 1854 515 1916 καὶ
536 1851 623 1924 εὐθὺς
644 1851 691 1913 ἐπὶ
712 1853 787 1929 τῷδε
808 1851 857 1914 καὶ
877 1849 906 1922 ἐς
927 1847 962 1912 τὲ
984 1851 1098 1928 μέλλον
1109 1853 1198 1940 ᾕρητο

31 1949 218 2030 δημαρχεῖν.”
237 1963 347 2027 (Appias.
365 1963 391 2010 Β,
402 1963 430 2011 Ο.
441 1963 461 2020 1,
471 1963 513 2020 21)
531 1962 674 2018 Mommsen,
686 1961 771 2008 Graece
780 1964 803 2008 et
808 1960 914 2024 populas
922 1963 945 2008 et
950 1959 1019 2023 plebs
1028 1975 1075 2007 uno
1085 1959 1199 2010 vocabulo

31 2045 119 2121 δῆμος
145 2058 211 2108 reddi
236 2073 303 2121 posse
325 2057 375 2121 ipse
401 2056 528 2104 mnoedens
555 2055 618 2115 (StR.
642 2055 680 2103 III
703 2069 754 2118 pag.
774 2054 839 2112 145),
856 2053 921 2102 hunc
939 2068 1008 2100 usum
1025 2053 1199 2116 antiquioribus

32 2154 178 2218 scriptoribus
207 2151 290 2200 definit
316 2151 409 2215 iamque
436 2151 566 2198 Diodorum
592 2150 653 2199 inter
670 2141 792 2204 πλῆθος
822 2147 906 2214 (plebel
923 2152 946 2197 et
962 2135 1058 2211 δῆμος
1080 2148 1198 2212 (populus)

32 2237 151 2285 discrimen
169 2251 261 2284 servare
277 2227 350 2282 docel.
385 2233 435 2297 llgo
452 2237 530 2281 tamen
548 2249 642 2281 monere
662 2233 733 2281 velim
749 2249 796 2281 non
814 2231 891 2281 solum
909 2231 1059 2280 Monumenti
1077 2230 1197 2294 ancyrani

32 2321 138 2368 Graecum
149 2319 309 2382 interpretem,
320 2317 360 2365 sed
370 2316 449 2380 ipsum
460 2316 568 2374 Dionem,
579 2316 682 2380 Appiani
691 2315 820 2380 aequalem,
829 2314 923 2380 plebem
932 2315 1111 2363 frumentariam
1121 2313 1197 2363 dicare

34 2403 120 2479 δῆμον
137 2399 379 2474 σιτοδοτοὺμενον
400 2411 436 2459 vel
454 2411 501 2460 tale
518 2410 583 2474 quid.
602 2410 668 2458 Mon.
686 2411 774 2474 Ancyr.
791 2409 836 2458 Lat
861 2410 884 2466 8,
902 2409 929 2460 7:
948 2406 1197 2466 „Pleheilloms‘anae¹',

35 2511 127 2558 Graecus
152 2510 283 2572 interpres:
313 2495 429 2571 ιςΔὴμῳ
459 2492 674 2568 ‘Pcpn[to]v'’;
701 2504 759 2553 ibid.
786 2502 818 2552 20
845 2519 908 2566 seq:
936 2499 1040 2566 ,Placet
1066 2517 1124 2565 quae
1145 2505 1197 2550 tum
1230 2535 1235 2544 .

36 2604 170 2653 frumentum
188 2601 312 2667 publicum
330 2601 508 2667 accipieba[t],’'
527 2595 570 2665 τῷ
591 2584 890 2663 σειπομετῂουῂὲνῳ
911 2584 1025 2662 δήμῳ.”
1067 2597 1115 2645 Dic
1132 2596 1197 2645 Cass.

36 2698 80 2755 LX,
105 2697 141 2755 25,
167 2698 182 2751 7
193 2719 199 2748 :
228 2691 288 2761 ντῴ
309 2684 394 2761 δήμῳ
415 2691 457 2761 τῷ
478 2683 712 2761 πιποδοπουμὲνῳ
732 2681 822 2742 πέντε
843 2677 898 2756 μὲν
918 2680 967 2743 καὶ
987 2678 1197 2755 ἑβδομήκοντα

37 2779 168 2860 δραχμὰς
198 2783 294 2840 ἅπασι
324 2779 484 2842 διὲδωκεν.”
503 2794 572 2858 Quod
589 2795 668 2840 autem
685 2791 819 2839 Mommsen
837 2789 854 2837 l.
872 2788 889 2837 l.
907 2805 959 2853 pag.
979 2787 1026 2835 146
1044 2788 1096 2835 adn.
1116 2785 1199 2834 lOns·

38 2889 94 2938 sium
115 2890 216 2938 Dionem
245 2875 346 2951 ’ὅμιλον
371 2884 516 2934 aenatoribus
536 2883 700 2948 equitibusque
717 2896 833 2946 opponere
849 2879 890 2938 ait,
908 2894 935 2927 ex
952 2879 1031 2926 eodem
1049 2881 1129 2926 contre
1145 2893 1198 2941 pro·

38 2990 87 3036 ferri
103 2996 188 3055 potest:
211 2977 285 3060 ηοῖιχ
306 2976 384 3047 ὅπως
404 2976 578 3050 βουλευταῖς
598 2968 647 3034 καὶ
668 2967 896 3031 inestimabili&
909 2963 958 3030 καὶ
972 2967 1142 3041 βασιλεῦσι,
1155 2969 1198 3040 τῷ

39 3095 69 3133 τε
99 3078 179 3155 δήμῳ
201 3088 301 3164 χιλίας
321 3079 482 3158 papate&
504 3091 574 3156 (rvr,
593 3090 632 3148 aa,
651 3083 1022 3148 a),ubiadn0tat130issevain:
1041 3083 1107 3148 ,fieri
1124 3085 1200 3148 poan

41 3186 64 3224 ut
94 3181 204 3230 addiderit
242 3181 295 3236 Dio,
332 3193 452 3242 excerpere
480 3173 608 3238 neglexerit
636 3170 778 3235 Xiphilinus
808 3167 925 3232 plebei
953 3168 1088 3231 Augustum
1111 3166 1199 3230 legasse

41 3270 109 3318 tricies
133 3272 271 3336 quinquies,
299 3271 329 3318 cl.
347 3272 410 3317 Suet.
429 3265 488 3316 etc.”
523 3264 641 3313 Tribunos
658 3261 734 3326 plebis
751 3260 837 3308 Graece
854 3275 945 3323 semper
961 3261 1008 3309 dici
1025 3249 1199 3329 δημάρχους

42 3351 86 3414 ipse
108 3354 240 3404 Mommsen
264 3355 430 3402 commemorat
455 3349 482 3411 (l.
508 3349 525 3397 l.
552 3363 604 3412 pag.
623 3346 670 3393 145
688 3345 742 3393 adn.
761 3343 776 3390 2
793 3347 817 3392 et
833 3341 869 3390 11³
887 3358 939 3406 pag.
957 3344 1005 3396 273
1022 3362 1077 3394 cum
1094 3347 1147 3395 adn.
1166 3345 1199 3405 2).

43 3441 99 3505 Quid
123 3447 184 3510 quod
212 3445 275 3509 apud
304 3445 382 3508 ipsum
411 3441 546 3506 Appianum
576 3438 645 3486 etism
675 3435 733 3485 alibi
761 3424 894 3500 δημότης
920 3452 964 3486 ror
978 3437 1095 3501 plebeiam
1112 3437 1199 3485 sonat?

43 3532 76 3580 Gi.
99 3536 200 3585 Valesius
227 3537 257 3584 ad
284 3535 387 3598 Appiam.
413 3533 449 3581 Dc
466 3529 522 3579 Bab.
541 3528 640 3577 Samnit.
660 3527 682 3586 l,
702 3528 731 3576 l:
751 3532 801 3594 „Ac
818 3519 951 3595 δημότης
968 3531 1062 3596 quidem
1077 3530 1198 3595 pledejuna

44 3615 168 3679 siguificare,
192 3619 256 3668 haud
279 3633 332 3666 sum
350 3615 466 3665 nescius.'’
485 3610 687 3674 Schweighaeuser
703 3613 731 3660 ad
749 3616 849 3664 eundem
867 3615 962 3664 locum:
981 3615 1085 3680 „Utique
1101 3613 1137 3660 nil
1155 3613 1199 3661 ali·

45 3707 73 3753 ud
87 3709 108 3757 h.
123 3709 139 3758 l.
155 3709 361 3775 (quemadmodum
378 3706 445 3765 alibi)
455 3706 547 3755 denotat
556 3693 701 3768 δημότης,
711 3707 759 3754 nisi
765 3706 910 3772 pledejumss'
928 3703 965 3754 Ol.
977 3705 1049 3753 etiam
1058 3703 1198 3768 Stephanus,

47 3795 106 3848 Thea.
121 3801 152 3850 Gr
175 3802 253 3866 Ling.¹
271 3819 290 3850 s.
308 3818 330 3851 r.
349 3789 495 3866 Δημότης
516 3794 550 3863 (et
571 3790 764 3865 Δημοτικὸς).

78 3881 94 3939 ¹)
124 3885 157 3933 el.
175 3885 243 3934 Plato
260 3885 317 3950 Rep.
336 3887 396 3936 VIII
412 3903 463 3950 pag.
483 3886 531 3934 552
548 3888 568 3934 A
580 3905 586 3942 ;
600 3885 664 3935 Plut.
682 3887 739 3934 Cato
756 3885 816 3934 min.
834 3885 873 3933 88.

77 3965 93 4026 ²)
123 3969 152 4017 Cl
181 3969 303 4034 Aristoph.
330 3969 394 4019 Plut.
413 3969 461 4017 552
479 3985 542 4033 seqq.
560 3974 592 4030 (et
609 3986 703 4018 omnem
721 3970 879 4026 contextuml:

120 4055 256 4132 ςππὼχου
291 4049 346 4128 μὲν
367 4051 429 4127 γὰρ
449 4051 526 4125 βίος,
550 4051 580 4110 ἓν
600 4050 638 4111 σὺ
659 4052 767 4126 λέγεις,
790 4051 843 4127 ζῆν
864 4047 944 4110 ἐστιν
964 4042 1056 4123 μηδὲν
1076 4046 1194 4126 ἔχοντα·

119 4155 167 4207 τοῦ
185 4145 217 4210 di
237 4148 364 4219 πένητος
384 4149 438 4224 ζῆν
458 4148 623 4227 φειδόμενον
643 4147 692 4209 καὶ
711 4156 772 4215 τοῖς
792 4145 888 4221 ἔργοις
908 4143 1110 4223 προσέχοντα,

119 4251 345 4322 περιγίγνεσθαι
365 4245 392 4305 δ’
414 4242 492 4324 αὐτῷ
514 4244 617 4319 μηδέν,
640 4243 682 4320 μὴ
703 4243 804 4318 μέντοι
824 4243 895 4318 μηδ’
916 4239 1101 4302 ἓπιλείπειν.”

81 4346 111 4397 cr.
126 4352 191 4402 etiam
207 4353 267 4403 nen.
285 4352 386 4401 nemos.
404 4350 445 4408 iv,
464 4349 487 4408 a,
504 4349 552 4407 aa
570 4348 638 4397 risa
655 4347 714 4414 asp.
730 4348 752 4396 x
769 4331 888 4414 psgqere
905 4348 935 4399 n.
