3084 5128
607 605 671 674 215

50 784 175 852 fundus
199 787 384 854 aestimatur
406 783 464 868 est,
488 785 554 867 vel,
580 791 619 852 ut
641 785 746 852 semel
770 787 802 867 2,
827 786 869 854 67
894 784 1071 872 reperitur,
1087 791 1219 871 eruptus.

52 900 79 964 7.
110 899 202 965 Eam
236 899 364 986 excipit
397 922 533 967 summa
564 899 729 986 pecuniae
755 898 798 965 ab
821 900 1026 986 imperatore
1050 903 1218 984 acceptae,

51 1013 196 1078 formula
219 1015 257 1079 tu
278 1015 454 1080 sestertium
476 1014 573 1078 mitta
596 1020 649 1079 tot.
674 1011 886 1079 Conferendu
900 1019 952 1078 est
964 1011 1110 1078 formula
1125 1009 1219 1076 tabu·

50 1124 98 1192 lae
134 1126 301 1193 Veleiatis
333 1127 391 1192 tra
423 1126 566 1212 fundam
596 1126 755 1212 professus
787 1134 831 1192 ert
864 1127 1076 1193 salutantur
1112 1132 1157 1191 tot
1183 1126 1221 1190 tn

50 1241 201 1306 astutior
235 1246 289 1306 tot.
314 1234 352 1306 ’8.
376 1238 513 1304 Claudit
535 1245 639 1325 caput
662 1261 797 1304 summa
821 1260 1003 1305 usurarum
1027 1260 1047 1304 a
1070 1238 1218 1304 dominis

51 1351 210 1439 deinceps
244 1352 435 1438 pendenda,
470 1352 514 1418 ad
538 1373 623 1438 quas
646 1373 798 1418 summas
820 1353 856 1418 in
879 1353 1035 1418 futurum
1062 1351 1220 1418 determi-

51 1466 179 1531 nandas
214 1487 294 1532 cum
329 1465 447 1531 tabula
482 1466 663 1553 praecipue
695 1472 862 1552 spectaret
885 1465 1052 1532 destinata
1076 1465 1217 1531 fortasse

52 1578 286 1665 quaestoribus
319 1578 443 1644 futuris
477 1579 642 1665 pecuniae
674 1578 919 1659 alimentariae,
945 1599 1094 1665 quorum
1117 1599 1218 1664 pecu-

51 1691 186 1758 niarum
211 1713 330 1758 earum
354 1691 486 1758 exactio
509 1697 590 1773 erat,
617 1691 640 1777 ¹)
660 1691 704 1757 ad
727 1691 921 1776 marginem
944 1691 1126 1757 collocatae
1141 1697 1222 1757 sunt

51 1805 166 1872 ordine
192 1809 357 1892 separato.
381 1807 413 1871 9.
436 1805 543 1871 Extra
567 1805 723 1872 ordinem
747 1803 926 1891 aliquoties
949 1804 1096 1883 additur,
1115 1826 1136 1870 a
1152 1825 1221 1890 quo

51 1920 197 2003 pecunia
223 1918 371 2005 petenda
393 1920 436 1984 sit
459 1917 606 1985 formula
627 1920 805 2005 adamant)
830 1918 896 1984 ille.
926 1916 956 2003 ²)

91 2032 133 2098 ln
169 2031 426 2098 Baebianorum
452 2031 588 2099 tabulae
612 2032 888 2119 praescriptione,
912 2036 1030 2097 contra
1054 2051 1160 2116 quam
1182 2030 1218 2094 in

52 2126 269 2226 Veleiatiurn,
305 2167 417 2232 neque
452 2152 557 2232 caput
589 2167 609 2211 a
640 2146 788 2212 Traiano
808 2165 1006 2211 eoncessum
1028 2143 1219 2209 indicatum

52 2265 97 2324 est
130 2297 177 2308 -
201 2258 294 2345 quod
318 2258 462 2346 quidem
486 2259 546 2325 HS
569 2259 725 2324 4018000
749 2259 851 2324 fuisse
878 2258 970 2344 ipsae
994 2255 1218 2341 obligationes

53 2371 173 2439 docent
196 2393 375 2466 -neque
399 2393 503 2439 usura
526 2394 637 2459 neque
663 2393 742 2439 vero
758 2393 942 2459 puerorum
958 2369 1219 2458 puellarumque

55 2505 229 2562 numerus
265 2484 389 2571 quibus
423 2485 586 2554 alimenta
620 2485 689 2572 (vel
724 2486 883 2573 pecunia)
917 2491 1015 2551 erant
1045 2483 1222 2550 destinata.

55 2598 164 2676 Quem
190 2620 375 2665 numerum
398 2606 437 2665 ut
452 2600 608 2680 efficeret,
622 2600 815 2666 Mommsen
828 2599 932 2666 talem
944 2599 1113 2664 rationem
1125 2597 1221 2664 iniit:

60 2711 163 2790 ,Sunt
188 2718 314 2793 autem,
345 2719 382 2778 ut
406 2713 443 2778 in
464 2711 608 2798 singulis
632 2713 801 2800 capitibus
824 2717 975 2799 apparet,
1002 2733 1123 2777 usurae
1147 2732 1220 2778 sex·

55 2826 219 2892 tanturiae
254 2825 511 2908 semunciariue,
543 2847 624 2892 eum
646 2826 683 2891 in
707 2825 860 2894 Veleiate
883 2823 1001 2891 tabula
1025 2825 1147 2890 diserto
1173 2846 1223 2890 re·

55 2940 231 3023 pariantur
256 2939 475 3026 quincunees.
520 2940 634 3019 Quam
658 2939 702 3005 ob
725 2960 902 3006 romaum
920 2938 1007 3003 mihi
1019 2937 1222 3024 persuadere

56 3072 222 3140 nequeam
244 3053 295 3118 *in
329 3052 403 3139 ipsa
435 3052 537 3119 Italia
569 3054 707 3120 Traiani
738 3058 847 3118 aetate
880 3073 957 3118 eam
989 3051 1223 3119 diversitatem

56 3163 249 3247 obtinuisse,
283 3173 320 3230 ut
354 3165 490 3252 publice
523 3167 559 3231 in
594 3176 801 3253 perpetuum
837 3165 989 3232 credenti
1025 3166 1062 3230 in
1086 3165 1224 3250 regione

59 3279 232 3366 superiore
267 3300 374 3366 eaque
408 3279 508 3364 longe
544 3280 756 3367 opulentiore
792 3279 897 3365 duplo
934 3279 1079 3346 maiores
1102 3299 1224 3344 usurae

59 3398 311 3476 praestarentur
345 3413 450 3479 quam
480 3393 515 3457 in
551 3394 720 3474 inferiore,
746 3393 855 3478 magis
879 3392 1082 3459 crediderim
1106 3413 1226 3457 usuras

62 3526 114 3572 eas
149 3505 202 3572 bis
225 3506 261 3570 in
284 3527 375 3571 anno
399 3507 569 3593 quaestori
593 3515 789 3573 numeratas
812 3528 882 3573 esse
906 3512 940 3572 et
964 3512 1142 3593 propterea
1166 3505 1223 3570 hic

61 3638 127 3685 non
151 3625 224 3684 tam
247 3640 380 3684 annuas
403 3641 554 3686 summas
569 3621 772 3706 perscriptas
786 3642 855 3686 esse
869 3641 975 3706 quam
987 3624 1173 3685 semestres
1197 3615 1225 3706 8)

91 3846 109 3907 lt
143 3847 203 3897 Vide
221 3847 318 3897 Homer
335 3847 353 3897 l.
370 3847 388 3897 l.
405 3865 457 3914 pag.
476 3849 516 3898 68.

92 3935 112 3991 ἱ)
146 3931 210 3980 llaec
235 3931 333 3995 quidem
351 3931 514 3995 interpretatio
530 3931 589 3980 olim
607 3949 620 3981 a
638 3931 785 3982 Mommseno
802 3931 963 3981 commendata
980 3931 1044 3993 (ride
1062 3931 1158 3979 Hersen
1175 3929 1193 3980 l.
1210 3929 1228 3979 l.

60 4027 107 4076 pag.
126 4013 168 4075 69)
185 4014 262 4063 adhuc
280 4029 333 4063 vcra
350 4015 371 4062 ci
389 4015 489 4063 videtur.

93 4095 111 4154 ³)
147 4099 180 4146 De
207 4097 287 4145 usuris
312 4097 459 4145 semestritur
483 4097 526 4145 alii
551 4114 644 4162 quoquc
669 4099 772 4162 cogitant
797 4097 842 4146 viri
868 4098 930 4146 docti
956 4096 1101 4146 recentiores.
1135 4097 1171 4146 Ita
1191 4102 1230 4158 (ne

63 4178 137 4241 plures
164 4183 277 4240 afferam),
303 4181 345 4244 qui
371 4181 398 4229 in
412 4182 564 4244 antiquorum
582 4182 660 4230 usuris
678 4181 782 4230 multum
800 4185 906 4230 versatus
922 4185 964 4240 est,
982 4179 1088 4239 Billeter,
1106 4180 1188 4230 Gesclr.
1207 4181 1229 4230 d.

61 4260 128 4313 Zinsl.
153 4264 187 4313 im
213 4266 320 4327 gr-rdm.
346 4263 405 4324 Alt,
431 4280 483 4328 pag.
503 4265 550 4313 189
568 4281 632 4328 seqq.
667 4264 718 4313 lam
735 4264 873 4313 memineris
890 4263 1050 4313 illusarum
1066 4269 1187 4314 umrrtm
1203 4263 1230 4312 in

61 4344 146 4396 tabulae
158 4345 367 4412 praescriptionem
381 4363 474 4413 quoque
492 4363 505 4396 a
524 4347 673 4396 Mommseno
692 4363 740 4396 esse
757 4346 844 4397 illatas.
861 4347 909 4412 (Cf.
926 4363 978 4416 pag.
994 4346 1063 4410 als.)
