3040 5134
609 622 670 690 141

55 798 103 866 vir
122 800 247 868 nobilis
271 802 486 868 frumentum
509 802 687 890 publicum
706 803 884 890 acciperet,
900 801 998 869 facile
1011 802 1162 868 adduoor
1173 803 1218 868 ed

54 914 268 982 eredendum.
316 915 459 982 Modum
484 921 601 982 tamen
625 916 778 996 excedas,
803 916 831 982 si
854 937 898 982 ex
921 915 1217 983 istoloooefficere

52 1027 128 1093 velis
150 1028 285 1096 nobiles
309 1051 426 1096 revera
449 1030 484 1094 in
498 1030 806 1096 frumentationum
821 1036 957 1116 partem
969 1029 1111 1096 venisse.
1136 1029 1216 1116 Ipsa

52 1140 141 1222 faeta,
176 1143 312 1229 opinor,
343 1143 526 1209 ostendunt
562 1149 659 1208 extra
682 1142 839 1209 ordinem
863 1149 945 1208 tuno
975 1141 1106 1229 aliquid
1133 1142 1218 1208 aoei-

52 1254 139 1320 disse.
185 1256 269 1322 Non
304 1256 416 1323 solum
451 1254 678 1343 quaerebatur
707 1256 768 1342 qui
791 1255 855 1321 sibi
878 1261 1047 1320 constaret
1069 1254 1127 1320 ille
1152 1254 1215 1333 vir,

52 1389 124 1432 eum
146 1391 186 1435 ea
208 1370 287 1453 lege
312 1370 524 1436 frumentum
549 1375 687 1456 peteret,
713 1389 818 1456 quarn
842 1368 1073 1448 dissuasisset;
1099 1367 1157 1434 sad
1181 1367 1217 1433 id

52 1481 166 1567 ipsum,
203 1483 300 1570 quod
334 1483 392 1550 vir.
420 1482 608 1548 consularis
639 1488 788 1563 venerat,
823 1481 927 1568 idque
951 1482 987 1547 in
1011 1481 1218 1561 contionem,

54 1596 171 1662 mirum
201 1603 386 1683 acceptum
408 1617 479 1662 esse
504 1596 649 1661 videtur.
696 1595 879 1661 (tentiones
901 1602 1017 1660 autem
1040 1594 1219 1681 postremis

52 1707 167 1776 liberae
203 1711 255 1776 rei
290 1707 447 1796 publicae
488 1709 630 1776 saeculis
653 1707 814 1793 ignobilis
842 1707 936 1792 vulgi
961 1708 1070 1794 magis
1097 1707 1220 1792 magis·

55 1844 112 1910 que
153 1831 347 1892 conventus
380 1823 517 1890 fiebant.
564 1824 733 1910 Tempore
770 1843 838 1909 quo
873 1822 1030 1888 vivimus
1068 1820 1215 1888 voeabu-

57 1938 118 2002 lum
157 1938 339 2023 Belgicum
371 1938 444 2003 oolla
476 1937 611 2024 saepius
645 1957 725 2002 oum
757 1935 831 2001 aliis
871 1935 1061 2022 copulatur,
1098 1936 1146 2000 ita
1182 1941 1220 2000 ut

56 2072 135 2118 nova
164 2051 337 2118 voeabula
360 2051 533 2131 exsistant,
558 2050 674 2137 qualia
697 2056 777 2115 sunt
798 2049 993 2130 oollabadea,
1017 2048 1217 2135 eollaapebn,

57 2165 344 2250 ootaqoarkeakem
376 2171 411 2231 et
446 2185 532 2252 quae
557 2170 636 2229 sunt
656 2164 790 2248 generis
813 2162 977 2228 eiusdem.
1023 2161 1121 2227 Certe
1145 2161 1220 2227 uni·

60 2278 169 2366 auique
216 2278 441 2366 quantumvis
486 2279 529 2343 sit
571 2276 724 2363 locuples
759 2275 882 2342 talibus
917 2273 1047 2341 balneis
1082 2274 1218 2361 popinis

60 2391 214 2458 similibus
257 2392 308 2458 uti
341 2391 430 2469 lieet,
472 2403 534 2457 nec
571 2397 687 2457 tamen
723 2411 842 2456 revera
876 2387 1037 2455 omnibus
1075 2394 1219 2475 prosunt

61 2507 247 2573 omniumve
283 2505 361 2570 usui
395 2504 563 2571 destinata
586 2511 675 2571 sunt.
722 2504 842 2590 Neque
867 2502 965 2568 aliter
987 2507 1070 2589 puto
1097 2523 1131 2568 se
1160 2502 1220 2568 ha·

62 2615 158 2684 buisse
181 2619 474 2686 frumentationes
502 2616 526 2706 ¹)

98 2732 187 2799 Haeo
223 2732 366 2819 quidem
389 2732 565 2798 hactenus,
611 2731 688 2796 Iam
712 2737 924 2796 transeamus
948 2729 989 2795 ad
1015 2734 1219 2815 argumenta

63 2865 137 2930 quae
181 2867 285 2932 supra
318 2846 519 2912 enumeravi
555 2851 592 2910 ut
627 2845 898 2910 demonstrarem
934 2842 1218 2909 frumentationes

63 2964 90 3020 et
108 2959 201 3025 initio
225 2966 259 3024 et
283 2965 399 3046 postea
411 2960 602 3044 generatim
613 2959 715 3024 fuisse
729 2958 913 3023 destinatas
926 2956 1102 3022 Romanae
1115 2953 1218 3042 plebi.

63 3071 145 3148 Quae
178 3095 259 3140 vero
294 3071 337 3138 ab
371 3072 447 3139 aliis
480 3073 518 3138 in
541 3072 747 3139 contrariam
771 3077 904 3157 partem
927 3071 1155 3158 proferuntur,
1178 3090 1218 3135 ea

64 3204 114 3250 suo
136 3186 294 3274 quodque
318 3186 392 3252 loeo
415 3187 562 3252 refutare
587 3183 746 3251 conabor.

100 3320 127 3364 a.
177 3299 335 3368 Venabula
369 3299 484 3386 quibua
516 3300 554 3364 in
586 3299 643 3364 bac
664 3320 697 3364 re
722 3305 855 3364 utantur
880 3299 1043 3385 salptores
1065 3296 1217 3363 Romani.

64 3409 211 3496 Legimus
233 3412 329 3479 enim
351 3413 420 3479 Cio.
443 3411 672 3492 ProSest.48,
688 3411 772 3478 103:
797 3411 1093 3492 „Frumentariam
1105 3409 1218 3495 legem

65 3523 95 3589 O.
126 3527 302 3593 Graoohus
335 3526 473 3592 ferebat.
519 3525 677 3591 Iucunda
700 3547 753 3590 res
776 3524 962 3611 plebei;
988 3525 1098 3591 vietus
1122 3522 1217 3588 enim

69 3683 243 3698 ——n-—n

94 3759 112 3806 ¹t
141 3756 218 3805 Nimis
242 3758 311 3822 longe
328 3759 452 3822 repetitum
470 3759 530 3807 mihi
549 3759 642 3807 videtur
659 3757 830 3807 nonnullorum
848 3784 879 3793 —-
899 3759 925 3805 ut
941 3756 1033 3804 Nandet
1050 3755 1217 3816 (Desseoonrs

67 3835 145 3896 publice
160 3839 213 3888 eheu
230 3840 264 3888 les
283 3841 403 3899 Romaim,
421 3842 446 3889 iu
465 3839 589 3890 Mdnroires
606 3843 635 3890 da
649 3840 666 3889 l'
684 3842 746 3890 aond.
765 3839 843 3904 royale
860 3840 899 3887 des
917 3839 1001 3886 insorr.
1019 3847 1041 3884 et
1052 3835 1217 3884 belles-lettres

68 3915 116 3967 Xlll
132 3922 220 3982 (1838),
237 3933 289 3987 pag.
308 3924 357 3982 20),
375 3923 475 3972 Labatut
491 3923 517 3985 (l.
536 3923 553 3972 l,
571 3940 623 3988 pag.
639 3924 705 3984 192),
722 3923 852 3972 Radbertus
870 3920 896 3982 (l.
914 3920 931 3969 l.
950 3936 1001 3984 pag.
1019 3919 1075 3970 378t
1086 3919 1217 3982 —0pinio,

69 4015 90 4047 er
104 4019 144 4065 qna
160 4005 302 4075 frumentum
320 4007 348 4056 ad
365 4007 477 4055 Pisonem
495 4007 642 4071 pertinuerit,
660 4007 722 4070 quod
740 4004 870 4068 Calpurnia
887 4019 943 4067 gens
960 4008 1019 4051 esset
1036 4000 1133 4065 plebeia.
1152 4000 1218 4049 Num

72 4089 121 4132 reete
135 4086 259 4137 Radbertus
276 4089 348 4138 dicit:
369 4090 472 4154 „Zudem
489 4093 573 4137 stiitzte
590 4090 640 4137 siah
656 4089 681 4152 ja
698 4089 736 4136 die
753 4104 824 4151 ganzo
842 4085 995 4134 Gracchisehe
1012 4084 1145 4146 Bawegung
1156 4084 1216 4132 noeh

69 4167 103 4213 auf
115 4169 155 4216 den
171 4171 295 4234 Gegansatz
313 4189 359 4221 von
377 4172 508 4221 Patrioiern
527 4172 575 4220 und
593 4171 761 4234 Plebejern.”l
779 4169 891 4218 Sallustio
909 4172 1001 4216 numere
1017 4166 1145 4214 discrimen
1154 4166 1218 4214 inter

71 4251 163 4310 patricios
186 4258 208 4302 et
229 4255 331 4320 plebeios
348 4257 374 4305 in
392 4255 486 4321 publiea
503 4256 552 4303 vita
569 4260 618 4304 erat
634 4255 754 4304 sublatum
771 4252 838 4300 finito
856 4250 919 4299 bello
936 4250 1026 4299 Punico
1044 4249 1152 4299 seeundo.
1180 4248 1217 4299 Of.

72 4329 128 4394 bin
143 4334 166 4384 in
183 4337 223 4386 1w.
241 4354 262 4388 v.
280 4339 336 4389 uss
354 4338 448 4389 aaran.
467 4339 507 4396 lv,
525 4339 560 4397 aa,
577 4354 628 4404 pag.
647 4338 703 4392 aar.
