3084 5128
605 634 669 706 197

56 814 318 897 pronuntiavit.''
345 813 370 901 ¹)
393 853 437 864 -
460 815 510 881 De
533 812 730 899 Elagabalo‚
756 836 860 901 quem
884 813 1098 880 Phoenicum
1122 834 1215 879 more

55 924 152 992 subus
175 949 209 993 se
233 927 436 995 abstinuisse
460 928 550 1008 dicit,
565 927 804 994 Herodianus:
822 929 919 1006 νμετὰ
934 926 966 990 δὲ
982 926 1017 988 τὸ
1029 939 1220 1006 καταγαγεῖν

56 1038 135 1099 αυτὸν
158 1045 206 1104 καί
229 1043 341 1118 ἱδρῦσαι
363 1041 391 1102 ἐν
407 1050 449 1121 τῷ
462 1050 519 1121 ναῷ
531 1045 588 1112 τάς
600 1064 634 1102 τε
646 1043 854 1119 προειρημένας
866 1047 974 1113 θυσίας
985 1042 1033 1104 eat
1045 1042 1220 1119 πανηγύρεις

57 1150 190 1234 ἐπετέλει,
214 1157 346 1233 πύργους
368 1177 402 1216 τε
425 1162 589 1234 μεγίστους
609 1157 657 1218 καί
674 1157 873 1238 ὑψηλοτάτους
885 1157 1125 1235 κατασκευάσας,
1138 1155 1220 1213 άνιὼν

56 1285 85 1323 τε
118 1264 164 1326 ἐπ’
200 1268 306 1348 αὐτοῖς,
333 1267 457 1344 ἐρρίπτει
480 1281 541 1339 τοῖς
565 1269 675 1352 ὄχλοις,
701 1272 841 1349 ἁρπάζειν
865 1277 955 1329 πᾶσιν
979 1266 1150 1347 ἐπιτρέπων,
1175 1265 1221 1330 ἐκ·

57 1378 183 1455 πώματά
206 1403 241 1441 τε
264 1391 363 1464 χρυσᾶ
386 1389 434 1448 καὶ
456 1383 570 1460 άργυρᾱ
594 1380 729 1453 ἐσθῆτάς
752 1404 786 1443 τε
810 1387 858 1446 καί
881 1381 990 1452 ὀθόνας
1014 1381 1219 1459 παντοδαπάς,

58 1493 112 1567 ζῷά
136 1515 171 1553 τε
203 1497 315 1574 πάντα,
338 1494 394 1555 ὅσα
416 1497 511 1572 ἥμεροι
534 1495 590 1555 ὅσοι
613 1496 760 1574 άτίθασα,
785 1495 863 1566 πλὴν
887 1500 1001 1578 χοίρων·
1026 1495 1137 1554 τούτων
1159 1493 1221 1572 γάρ

57 1602 193 1688 ἀπείχετο
218 1609 351 1670 Φοινίκων
375 1611 463 1686 νόμῳ·
489 1607 517 1668 ἓν
540 1608 575 1680 δὴ
587 1620 652 1676 ταῖς
665 1611 816 1686 ἁρπαγαῖς
827 1611 933 1668 πολλοί
945 1609 1150 1688 διεφθείροντο,
1165 1609 1220 1668 ὑπὸ

58 1737 87 1774 τε
108 1718 245 1792 ἀλλήλων
269 1724 446 1798 πατούμενοι
457 1725 507 1786 καί
519 1733 581 1788 τοῖς
593 1723 695 1798 δόρασι
706 1735 765 1788 τῶν
776 1729 968 1797 στρατιωτῶν
981 1727 1217 1800 περιπίπτοντες,

57 1829 90 1894 ὡς
110 1833 164 1903 τὴν
187 1832 291 1897 ἐκείνου
315 1835 414 1911 ἑορτὴν
437 1842 560 1906 πολλοῖς
582 1836 672 1916 φέρειν
695 1834 878 1916 συμφοράν.”
913 1831 940 1920 ⁹)
964 1870 1008 1881 —
1032 1832 1082 1898 De
1104 1831 1216 1898 Probo

59 1939 191 2010 Flavius
226 1946 414 2032 Vopiscus:
453 1947 575 2027 „Dedit
609 1945 775 2012 Romanis
808 1947 913 2013 etiam
947 1945 1150 2032 uoluptates,
1185 1951 1220 2011 et

60 2056 192 2138 quidem
225 2059 386 2144 insignes
422 2059 542 2126 delatis
575 2060 678 2126 etiam
709 2060 900 2145 congiariis.
925 2059 1154 2145 triumphauit
1176 2057 1218 2124 de

59 2165 231 2237 Germanis
265 2179 299 2237 et
333 2172 529 2257 Blemmyis,
565 2173 720 2239 omnium
755 2173 912 2258 gentium
936 2172 1088 2256 drungos
1110 2191 1218 2258 usque

60 2280 96 2344 ad
130 2286 390 2372 quinquagenos
425 2286 581 2352 homines
615 2293 694 2352 ante
726 2286 943 2372 triumphum
977 2285 1086 2351 duxit.
1117 2305 1220 2350 uena·

60 2393 179 2463 tionem
211 2399 249 2464 in
282 2399 371 2466 circo
393 2399 642 2486 amplissimam
666 2399 768 2478 dedit,
794 2400 843 2464 ita
866 2404 904 2464 ut
927 2398 1074 2486 populus
1096 2404 1219 2464 cuncte

61 2504 221 2597 diriperet.
246 2533 355 2597 genus
378 2518 493 2579 autem
518 2512 702 2599 spectaculi
724 2512 790 2578 fuit
812 2511 900 2578 tale:
925 2510 1062 2578 arbores
1084 2511 1218 2578 ualidae

60 2639 113 2702 per
143 2624 269 2699 milites
292 2603 454 2692 radicitus
475 2624 594 2692 uulsae
618 2627 756 2691 conexis
779 2625 846 2690 late
870 2624 1039 2712 longeque
1065 2623 1218 2691 trabibus

61 2733 184 2804 adfixae
217 2745 307 2819 sunt,
342 2744 432 2805 terra
467 2739 590 2805 deinde
626 2740 815 2825 superiecta
849 2744 1007 2824 totusque
1043 2738 1152 2805 circus
1175 2738 1219 2803 ad

61 2845 157 2916 siluae
179 2852 328 2917 consitus
351 2853 499 2939 speciem
522 2853 632 2937 gratia
655 2852 736 2918 noui
761 2852 882 2918 uiroris
905 2851 1100 2918 effronduit.
1126 2852 1219 2937 missi

61 2956 174 3030 deinde
223 2987 284 3051 per
322 2987 440 3031 omnes
481 2965 593 3031 aditus
627 2966 810 3031 strutiones
846 2964 949 3046 mille,
986 2963 1079 3030 mille
1113 2965 1217 3047 cerui,

61 3074 144 3142 mille
178 3079 272 3164 apri;
310 3079 379 3144 iam
418 3078 549 3160 damae,
587 3079 700 3156 ibices,
734 3100 815 3144 oues
838 3080 927 3145 ferae
952 3084 985 3143 et
1008 3083 1121 3144 cetera
1144 3078 1219 3143 lier-

64 3182 166 3257 batica
204 3191 377 3273 animalia,
410 3198 540 3278 quanta
574 3192 629 3258 uel
665 3193 710 3257 ali
745 3199 932 3279 potuerunt
967 3193 1021 3257 uel
1057 3191 1217 3257 inueniri.

61 3296 180 3369 inmissi
214 3304 337 3371 deinde
373 3306 562 3393 populares,
596 3307 711 3392 rapuit
741 3306 885 3393 quisque
910 3306 1003 3393 quod
1026 3305 1167 3371 uoluit.'’
1191 3303 1218 3391 ³)

62 3441 242 3458 2-—

90 3512 107 3571 ll
139 3515 199 3564 Suet.
218 3516 287 3564 Dom.
302 3516 325 3564 4.
343 3516 379 3564 De
389 3517 518 3565 Domitiani
529 3516 661 3565 missilibus
672 3517 724 3566 vide
732 3517 803 3566 etiam
813 3517 859 3565 Dio
868 3517 963 3576 LXVII,
974 3520 996 3573 4,
1007 3521 1022 3564 4
1034 3519 1071 3578 (cl.
1083 3533 1133 3580 peg.
1147 3517 1203 3578 189)
1213 3537 1218 3564 :

64 3609 131 3668 ντοῖς
153 3621 185 3659 τε
208 3601 367 3676 θεωμένοις
389 3601 486 3683 συχνά
510 3600 555 3660 at
579 3607 637 3661 τῶν
660 3607 796 3683 σφαιρίων
820 3600 943 3662 ἓδίὸου.”

89 3699 106 3759 ²)
138 3702 221 3753 Herod.
231 3703 259 3761 V,
269 3704 292 3762 6,
303 3705 317 3751 9
327 3720 374 3767 seq.
384 3703 427 3752 Vel
437 3705 456 3752 si
467 3705 542 3753 meris
551 3704 615 3753 Aelii
625 3705 756 3769 Lempridii
766 3705 924 3754 narrationem
934 3706 1031 3765 (ληίου,
1043 3703 1166 3766 Heliogub.
1177 3704 1218 3765 22,

62 3775 95 3838 l):
113 3785 199 3848 ,Sortes
217 3803 272 3834 sane
288 3786 425 3836 conuiuales
443 3787 541 3851 scriptus
558 3788 584 3836 in
602 3787 746 3836 coclearibus
762 3786 921 3844 hebnitleles,
932 3786 1218 3835 utaliusexierit'decem

62 3865 163 3924 eumelos’,
180 3869 242 3918 elius
258 3869 348 3917 “decem
367 3869 474 3928 muscus’,
488 3870 550 3918 elius
565 3871 655 3919 *decem
674 3871 746 3919 libras
763 3871 831 3928 euri',
848 3869 910 3917 elius
926 3869 1017 3916 “decem
1035 3868 1144 3933 plumbi’,
1154 3868 1218 3918 elius

61 3943 139 3998 ‘leuem
159 3951 301 4009 strutiones,
319 3952 381 4001 alius
392 3953 483 4001 ‘decern
493 3969 537 4001 oue
546 3953 656 4017 pullina’,
668 3959 693 4002 nt
702 3970 755 4002 uere
764 3957 836 4001 sortes
845 3956 922 4000 essent
931 3957 953 4000 et
965 3953 1012 4000 futu
1020 3952 1218 4015 temptarentur.''

88 4027 106 4089 ³)
137 4033 225 4098 Vopisc.
248 4035 341 4084 Probus
370 4035 407 4094 lu,
434 4036 447 4083 l
476 4051 531 4099 seqq
574 4036 657 4084 Simile
674 4036 740 4100 quid,
758 4035 814 4083 licet
830 4034 1006 4098 aliquantulum
1024 4034 1104 4082 miuus
1120 4035 1216 4097 grande,

62 4109 148 4164 traditur
171 4118 198 4166 de
215 4118 335 4167 Gordiano
355 4118 439 4181 primo,
457 4119 497 4182 qui
516 4122 609 4166 auctore
626 4118 689 4166 Iulio
708 4117 842 4181 Capitolino
860 4117 986 4178 (Gordiani
1003 4121 1049 4165 tres
1067 4117 1090 4176 8,
1109 4118 1122 4164 ὅ
1141 4121 1214 4181 seqq.)

64 4197 188 4255 „aedilitatis
214 4218 269 4250 snae
295 4205 399 4264 tempore
427 4202 552 4250 duodecim
578 4201 665 4266 populo
689 4202 795 4249 Romano
821 4216 930 4259 munera,
956 4201 981 4249 id
1003 4206 1038 4249 est
1054 4217 1096 4265 per
1113 4200 1218 4264 singulos

64 4289 138 4330 nenses
155 4284 247 4349 singule
266 4285 294 4333 de
312 4301 354 4332 suo
371 4285 502 4334 exhibuit.”
537 4285 650 4333 Eiusdem
668 4284 753 4332 silvam
770 4287 858 4331 exstare
876 4287 955 4332 narret
973 4284 1157 4343 memorabilem,
1176 4285 1216 4349 „in

64 4372 99 4421 qur
114 4366 215 4428 pictura'’
234 4396 265 4404 -
284 4375 311 4417 ut
328 4367 459 4432 Capitolini
478 4367 555 4416 verbis
573 4370 624 4416 uter
642 4395 673 4403 —
691 4366 779 4431 ,etiem
797 4382 861 4414 nunc
877 4366 1030 4415 continentur
1046 4367 1218 4432 ceruipelmeti
