3040 5134
566 611 629 676 137

25 787 48 852 si
80 786 276 852 memineris
308 790 353 866 et,
386 789 473 875 quod
509 789 553 855 ad
587 794 702 856 vetera
725 794 889 875 tempora,
914 787 1055 855 Livium
1077 787 1182 854 semel

24 904 114 985 atque
136 899 266 964 iterum
289 901 496 970 mentionem
520 902 629 969 iacere
653 902 695 968 de
719 903 892 967 frumento
916 901 1050 967 modico
1069 901 1178 988 pretio

25 1011 146 1096 plebi
180 1013 293 1079 diviso
320 1011 345 1098 1)
368 1020 400 1081 et
423 1015 607 1082 Caesarum
631 1021 740 1081 aetate
764 1016 979 1080 frumentum
1002 1013 1180 1100 publicum

23 1124 104 1190 idem
126 1125 343 1192 frumentum
361 1127 523 1214 plebis
547 1129 647 1194 fuisse
672 1127 884 1216 appellatum
908 1125 935 1213 5¹)
960 1132 993 1193 et
1017 1126 1180 1194 Suetonio

23 1243 92 1302 teste
107 1237 305 1324 Augustum
321 1240 550 1320 ,frumentum
563 1291 569 1305 .
584 1242 620 1306 in
633 1263 789 1307 annonae
803 1239 1062 1307 difficultatibus
1075 1261 1174 1327 saepe

23 1349 191 1433 levissimo,
228 1353 402 1419 interdum
425 1354 520 1421 nullo
544 1355 653 1441 pretio
678 1355 806 1420 viritim
831 1353 1061 1441 admensu(m)
1085 1353 1182 1440 es(se)

23 1469 218 1552 tesserasque
245 1467 455 1534 nummarias
475 1465 760 1554 duplicavitsse).”
786 1466 814 1553 8)
860 1467 956 1545 Quae
980 1465 1086 1533 verba
1104 1465 1184 1533 licet

23 1577 217 1646 subobscura
242 1580 320 1662 sint,
345 1581 425 1668 quia
448 1583 512 1647 hae
538 1587 692 1660 tesserae,
716 1588 833 1669 utpote
859 1601 946 1667 quae
973 1580 1028 1646 hic
1045 1586 1184 1646 tantum

24 1697 334 1775 commemorentur,
360 1695 441 1782 quid
464 1696 592 1762 fuerint
615 1716 753 1782 prorsus
771 1695 944 1761 incertum
956 1700 1016 1771 est,
1030 1693 1057 1781 ⁴)
1071 1695 1183 1760 nescio

51 1894 65 1953 1)
95 1896 162 1945 Errat
188 1897 325 1944 Radbertus
350 1914 404 1946 cum
429 1899 551 1946 contendit
575 1898 602 1960 (l.
620 1899 637 1946 l.
664 1915 715 1963 pag.
735 1898 783 1950 378
801 1898 854 1947 adn.
874 1898 915 1957 17)
932 1897 1030 1946 Livium
1048 1897 1076 1945 de
1096 1896 1184 1945 horum

22 1984 138 2042 temporum
155 2007 188 2016 -
206 1985 264 2028 ante
282 1980 395 2028 Gracchos
412 1982 465 2029 dico
483 2009 515 2017 -
533 1982 647 2030 frumenti
665 1980 875 2030 distributionibus
885 1987 991 2044 agentem
1001 1995 1092 2044 semper
1099 1977 1186 2043 populi

23 2061 119 2110 vocabulo
137 2064 180 2111 nti.
217 2063 330 2126 Legimus
347 2065 410 2112 enirn
428 2064 480 2111 Liv.
499 2065 532 2121 ll,
551 2065 590 2123 34,
609 2064 623 2115 7
643 2081 722 2128 seqq.:
743 2064 793 2128 ,M.
813 2064 921 2113 Minucio
938 2063 1023 2112 deinde
1039 2065 1062 2111 et
1079 2064 1108 2110 A.
1119 2063 1185 2110 Sem·

24 2147 92 2205 pronis
115 2146 258 2194 consulibus
281 2162 365 2210 magna
390 2148 427 2195 vis
453 2148 566 2196 frumenti
592 2163 619 2195 cx
645 2147 726 2196 Sicilia
751 2148 854 2205 advecta,
871 2148 1032 2212 agitatumque
1049 2146 1077 2194 in
1094 2148 1185 2200 senatu,

24 2229 91 2289 quanti
115 2229 214 2292 plebi
233 2229 328 2278 daretur
345 2246 365 2277 e.
383 2246 406 2292 q.
424 2229 460 2278 s.’'
477 2229 519 2288 IV,
538 2230 576 2288 16,
591 2229 623 2278 2:
639 2231 682 2296 „h
701 2231 823 2278 Minucius
840 2230 898 2278 bove
914 2234 996 2279 aurato
1014 2234 1077 2278 extra
1094 2232 1185 2292 portam

25 2309 166 2372 Trigeminam
184 2317 220 2360 est
237 2312 339 2360 donatus
357 2328 386 2360 ne
404 2312 472 2376 plebe
485 2313 581 2376 quidem
599 2313 683 2370 invita,
701 2313 758 2377 quia
776 2314 923 2361 frumentum
938 2312 1085 2361 Maelianum
1094 2311 1186 2360 assibus

25 2391 42 2438 in
65 2395 148 2443 modios
167 2396 321 2444 aestimatum
339 2395 437 2459 plebi
455 2395 564 2445 divisit.''
600 2396 636 2444 Gi.
654 2397 724 2444 etiam
742 2397 775 2455 Il,
793 2398 816 2452 9,
835 2397 857 2444 6.
887 2393 1003 2444 'Ceterum
1021 2395 1109 2444 talibus
1128 2393 1186 2442 locis

24 2491 61 2524 non
85 2483 169 2527 exstare
200 2479 296 2527 videtur
322 2479 449 2528 discrimen
475 2480 537 2543 quod
564 2479 694 2528 Radbertus
721 2481 805 2528 statuit
829 2480 893 2528 inter
911 2481 1025 2544 populana
1049 2484 1073 2527 et
1086 2478 1186 2543 plebem.

24 2558 99 2608 Nititur
115 2562 140 2610 in
158 2562 209 2610 Cic.
228 2563 275 2610 Pro
293 2562 351 2610 Scst.
369 2564 409 2620 48,
431 2562 493 2610 los:
522 2563 661 2627 „Agrariam
689 2563 726 2610 Ti.
753 2563 871 2615 Gracchus
890 2561 966 2626 legem
984 2561 1079 2611 serebat.
1114 2562 1186 2610 Grata

24 2647 62 2690 crat
83 2644 210 2710 populo
240 2681 448 2694 .........
474 2645 662 2694 Frumentariam
681 2644 756 2709 legem
775 2645 801 2694 C.
820 2645 939 2693 Gracchus
957 2645 1052 2693 ferebat.
1079 2644 1186 2692 Iucunda

25 2739 52 2772 res
66 2726 203 2789 plebei.''
239 2727 385 2777 Rodbertum
402 2733 481 2776 tamen
497 2729 587 2791 fugisse
607 2729 702 2776 videtur
719 2729 744 2777 in
762 2729 868 2777 eiusdem
886 2727 1024 2792 paragraphi
1042 2727 1112 2775 initio
1124 2726 1183 2790 legi:

26 2808 71 2868 ,Sed
86 2815 160 2860 tamen
178 2811 236 2860 haec
256 2811 295 2859 via
312 2827 338 2859 ac
355 2811 414 2860 ratio
432 2811 465 2858 rei
483 2811 592 2874 publicae
611 2813 765 2875 capessendae
783 2810 1184 2875 olimeratmagispertimesccnda,

27 2906 68 2939 cunr
91 2895 170 2944 multis
200 2896 227 2943 in
255 2894 324 2942 rebus
350 2894 514 2942 multitudinis
532 2895 638 2942 studium
656 2899 697 2943 aut
713 2895 796 2959 populi
816 2895 966 2943 commodum
983 2893 1012 2942 ab
1029 2893 1132 2942 utilitate
1150 2893 1184 2942 rei

25 2974 114 3035 publicae
131 2979 286 3043 discrepabat.
321 2977 453 3026 Tabellaria
469 2977 507 3026 lex
523 2977 552 3026 ab
570 2979 596 3026 1..
615 2978 696 3026 Cassio
715 2979 839 3026 ferebatur.
874 2977 982 3042 Populus
999 2976 1182 3040 libertatemagi

26 3044 210 3119 putabat'saam:
229 3061 401 3110 dissentiebant
417 3061 536 3126 principes
554 3066 577 3110 et
594 3062 621 3110 in
639 3060 714 3110 salute
731 3062 880 3126 optimatium
898 3061 1052 3110 temeritatem
1070 3060 1182 3109 multitu·

26 3140 75 3190 dinis
89 3149 110 3193 et
125 3145 225 3194 tabellae
243 3144 366 3193 licentiam
384 3145 601 3209 pertimescebant.''
618 3145 721 3194 Adnotat
735 3145 972 3194 Halm-Laubmann:
993 3146 1116 3209 „populea
1126 3143 1179 3192 hier

27 3222 52 3271 in
73 3227 207 3290 politischen
235 3229 378 3291 Gegensatze
394 3243 436 3275 zur
454 3228 529 3276 Partei
547 3229 589 3276 der
606 3227 770 3292 Optimaten.”
805 3229 840 3277 lta
858 3228 929 3276 etiam
947 3228 1039 3285 Livius,
1057 3243 1112 3275 cum
1130 3227 1181 3275 frn-

28 3314 116 3358 raentam
132 3312 176 3361 vili
195 3311 232 3360 vel
251 3311 354 3359 minimo
370 3311 445 3374 pretio
460 3313 549 3376 populo
562 3311 668 3360 divisum
677 3329 726 3360 esse
735 3311 823 3370 scribit,
830 3311 920 3374 plebem
930 3310 1068 3374 intellegere
1078 3310 1181 3360 videtur.

27 3389 55 3438 Ol.
70 3393 230 3444 Weissenborn
248 3395 278 3442 ed
297 3393 349 3442 hiv.
367 3394 439 3450 XXX,
458 3395 498 3451 26,
516 3395 530 3442 6
549 3399 571 3442 et
589 3393 857 3444 Weissenborn-lluller
871 3395 900 3442 ad
917 3394 970 3442 Liv.
989 3393 1076 3452 XXXI,
1096 3392 1136 3452 50,
1159 3392 1182 3442 l.

28 3471 55 3520 Dc
66 3479 146 3540 populi
161 3494 187 3526 ae
201 3477 282 3542 plebis
302 3476 397 3524 vocibus
415 3477 477 3526 idem
495 3477 667 3526 declarantibus
685 3479 714 3526 cl.
733 3493 804 3542 supra
821 3493 890 3542 pagg.
908 3477 1184 3538 carelessness,

29 3559 46 3602 et
59 3557 121 3622 Voigt
137 3561 162 3609 in
179 3561 222 3610 Iw.
241 3577 265 3608 v.
286 3558 343 3607 M.'s
361 3559 455 3608 Handb.
474 3560 515 3617 IV,
533 3559 568 3618 2²,
586 3577 637 3624 pag.
662 3561 717 3612 337.

55 3639 71 3699 ²)
100 3643 149 3692 Tac.
176 3646 241 3693 Ana.
270 3642 321 3700 XV,
349 3642 396 3690 18:
425 3642 506 3707 „Quin
533 3649 555 3691 et
580 3643 759 3693 dissimulandis
777 3659 857 3692 rerum
875 3646 1023 3692 externarum
1040 3642 1103 3690 curis
1121 3641 1184 3689 Nero

30 3721 155 3774 trumentum
184 3727 263 3792 plebis
291 3730 405 3774 vetustate
431 3729 567 3790 corruptum
594 3726 621 3774 in
647 3727 753 3775 Tiberim
771 3727 834 3782 iecit,
852 3742 899 3790 quo
916 3726 1064 3774 securitatem
1079 3738 1185 3771 annonae

31 3809 157 3858 susbntaret.
183 3811 254 3858 cuias
281 3808 356 3872 pretio
373 3809 436 3857 nihil
453 3809 560 3857 additum
579 3813 620 3866 est,
641 3810 750 3873 quamvis
767 3810 877 3857 ducentas
893 3809 966 3856 ferme
984 3823 1053 3855 naves
1071 3811 1141 3870 portu
1158 3805 1184 3854 in

31 3885 71 3948 ipso
91 3892 199 3942 violentia
225 3891 373 3956 tempestatis
400 3895 421 3939 et
447 3895 540 3939 centum
568 3890 626 3940 alias
645 3892 724 3940 Tiberi
743 3892 863 3940 subvectas
880 3890 990 3938 fortuitus
1008 3889 1071 3952 ignis
1088 3887 1183 3958 absnm3

31 3971 121 4031 psisset.''
153 3977 189 4026 Ne
216 3977 272 4040 quis
299 3975 343 4023 hoc
368 3975 419 4023 loco
431 3976 582 4039 frumentum
597 3975 675 4040 plebis
692 3975 792 4040 accipiat
808 3976 837 4024 de
855 3973 955 4037 singulis
973 3972 1094 4020 mensibus
1111 3971 1184 4035 gratia

33 4053 139 4108 distributo
155 4060 293 4126 impediunt
310 4058 380 4106 verba
397 4058 464 4106 euius
478 4058 559 4122 pretio
576 4074 595 4106 e.
613 4075 634 4123 q.
652 4074 671 4107 r.

56 4137 72 4197 3)
101 4142 160 4192 Suet.
177 4145 239 4208 Aug.
259 4141 301 4190 41.

59 4221 75 4282 ⁴)
103 4225 136 4274 De
160 4228 197 4276 his
222 4224 320 4276 tesseris
346 4224 487 4272 nummariis
513 4224 689 4272 Mommsenum
714 4223 857 4285 (R.G.D.h.'²
882 4238 933 4286 pag.
961 4222 1002 4283 26)
1020 4226 1113 4272 secutus
1130 4237 1184 4270 sum

34 4311 137 4364 ponerem
164 4312 329 4376 ,frumentum
348 4310 470 4372 ,quatenns
496 4306 568 4370 gratis
594 4306 782 4364 ministrabatur,
808 4305 912 4354 divisum
937 4321 987 4354 esse
1012 4304 1073 4354 datis
1092 4304 1185 4354 tesseris

1053 4398 1095 4462 10
