3122 5130
682 604 722 668 11

99 786 326 873 interpretati
361 777 450 851 sunt
475 783 500 870 ¹)
546 785 594 850 Ut
629 803 709 848 cum
743 786 793 846 est
826 782 919 867 apud
955 780 1158 866 Vergilium,
1183 800 1283 864 gene-

100 920 229 964 rosum
263 899 364 964 illum
398 899 606 976 Romanum,
643 895 684 960 de
719 894 793 960 viro
817 895 960 961 rustico:
988 915 1119 980 „neque
1143 892 1201 958 ille
1224 899 1283 958 aut

102 1011 224 1077 doluit
262 1013 428 1078 miserans
464 1011 605 1096 inopem
640 1014 700 1074 aut
733 1007 859 1073 invidit
893 1007 1067 1074 habenti.''
1105 1005 1131 1092 9)
1190 1006 1281 1071 Bene

101 1125 238 1210 Heyne
263 1125 306 1190 ad
329 1125 422 1190 hunc
445 1124 577 1191 locum:
618 1143 706 1202 „non
729 1121 852 1186 duritie
877 1127 911 1186 et
935 1121 1058 1186 ferocia
1082 1118 1199 1200 animi,
1224 1125 1283 1184 aut

100 1239 226 1304 StoIca
261 1238 377 1325 aliqua
411 1237 559 1324 apathia,
597 1256 683 1322 quae
717 1233 815 1315 male,
848 1257 868 1299 a
902 1234 1020 1301 Servio
1047 1232 1126 1299 inde
1152 1231 1188 1319 ὅ),
1214 1231 1281 1297 huc

100 1351 316 1432 advocatum
341 1351 399 1417 sed
424 1373 486 1416 nec
510 1349 611 1430 dolet,
636 1370 698 1414 nec
721 1347 857 1429 invidit,
882 1347 966 1434 quod
988 1347 1025 1412 ia
1047 1369 1123 1432 apro
1145 1353 1282 1411 reuiotua

100 1465 147 1528 ab
186 1466 275 1530 omui
304 1487 483 1550 pauperata
516 1464 645 1528 auen
678 1467 712 1528 et
745 1461 894 1527 diuitum
916 1460 1002 1525 luxu
1026 1482 1064 1525 ae
1088 1461 1186 1540 fasta,
1211 1459 1282 1524 ani·
1332 1529 1334 1533 ,

102 1598 212 1641 mum
236 1576 279 1642 ab
301 1578 396 1642 omni
419 1575 672 1663 perturbatione
697 1596 847 1641 vacuum
870 1573 995 1639 habere
1012 1579 1130 1659 potest.
1145 1594 1172 1638 e.
1188 1594 1219 1658 q.
1234 1573 1279 1638 a.''

103 1691 229 1769 Quam
252 1690 568 1776 interpretationem
594 1689 796 1754 recentiores
809 1687 995 1775 (Forbiger‚
1011 1686 1162 1771 Benoist)
1175 1685 1278 1752 secut‘

104 1810 204 1870 sunt.
219 1801 243 1890 ⁴)
277 1804 410 1870 Revera
434 1803 586 1890 aliquam
610 1801 837 1889 persuadendi
860 1801 1095 1866 necessitatem
1118 1799 1283 1864 adhibent
1370 1794 1373 1802 '

104 1916 309 1984 testimonia
343 1938 429 2003 quae
465 1923 664 2002 sequuntur,
699 1915 742 1980 ad
765 1915 915 1980 maxime
940 1937 1020 1980 sane
1043 1913 1177 1980 diuersa
1199 1919 1283 1978 tem·

106 2052 199 2116 pora
244 2031 429 2096 referenda.
484 2031 605 2096 Unum
650 2035 699 2094 est
743 2029 975 2113 fragmentum
1009 2025 1152 2112 Polybii‚
1189 2025 1281 2112 quod

105 2143 234 2209 laudat
256 2145 382 2230 Zumpt
406 2144 431 2229 ὁ)
455 2144 628 2209 Romanos
650 2142 771 2208 leviter
793 2142 1040 2228 perstringens:
1067 2139 1190 2208 »ἁπλῶς
1220 2136 1282 2213 yelp

109 2279 310 2288 ——n—.—-

148 2347 166 2405 ¹)
202 2346 270 2412 Quod
287 2347 349 2395 inter
366 2347 424 2396 alios
441 2348 497 2396 tecit
515 2347 632 2403 tilbertus,
651 2347 696 2394 Die
714 2345 878 2410 SozialpolItik
895 2345 937 2394 der
954 2344 1049 2401 llirche‚
1067 2359 1118 2408 pag.
1138 2341 1195 2390 142.
1228 2389 1229 2396 ,
1295 2351 1299 2356 ·

146 2427 168 2486 ²)
202 2428 286 2492 Georg.
304 2429 337 2485 ΙΙ,
355 2430 404 2478 498
421 2445 468 2493 seq.

146 2510 168 2570 ³)
203 2511 264 2559 Cave
289 2515 367 2560 tumen
393 2516 460 2576 putes
485 2511 592 2560 ServIum
619 2516 666 2560 turn
692 2527 773 2575 aspere
799 2510 913 2559 iudicasse
939 2510 968 2558 de
997 2509 1108 2573 Vergilio.
1143 2509 1199 2558 Tale
1224 2509 1283 2573 quid

108 2609 262 2656 nequaquam
287 2595 352 2643 dicit
387 2595 453 2659 Quin
478 2597 502 2643 et
527 2595 577 2658 ipse
603 2593 753 2658 lleyuianam
778 2592 998 2656 interpretationem
1024 2591 1141 2656 proponit,
1167 2591 1283 2640 scribens:

110 2679 166 2741 „est
191 2681 215 2723 et
240 2675 313 2732 aliud,
337 2676 399 2740 quod
417 2693 539 2740 possumus
554 2677 672 2741 accipere:
700 2677 753 2724 ideo
770 2677 887 2724 rusticum
906 2691 949 2724 uec
967 2675 1035 2722 bonis
1052 2691 1096 2723 neo
1113 2673 1185 2722 malis
1200 2673 1285 2722 alienis

109 2758 212 2814 moveri,
233 2759 289 2820 quia
305 2760 339 2807 eis
355 2776 404 2807 non
422 2760 529 2815 interest,
547 2760 637 2823 quippe
653 2759 693 2822 qui
707 2759 737 2806 ab
754 2759 853 2808 urbibus
871 2761 905 2806 est
922 2757 1050 2807 remotus'’.

147 2839 168 2888 ⁴)
203 2841 272 2905 Quod
288 2842 317 2889 ad
335 2841 413 2890 locum
430 2857 500 2904 quem
517 2859 545 2890 ex
563 2842 714 2906 Quintiliano
731 2841 835 2898 laudant,
853 2842 874 2890 is
892 2841 1016 2890 introitur
1032 2841 1060 2889 iu
1071 2837 1286 2888 Declamationibus

110 2920 210 2984 (cccl,
238 2923 261 2978 3,
290 2922 329 2982 11)
372 2924 423 2972 Iam
449 2924 554 2988 primum
578 2925 681 2975 minores
697 2924 739 2973 has
756 2924 937 2972 declamationes
953 2923 1045 2988 spurias
1061 2937 1111 2970 esse
1129 2949 1158 2958 -
1178 2921 1287 2984 quamvis

112 3021 165 3053 non
191 3005 267 3053 multo
294 3010 345 3070 post
370 3006 515 3072 Quintiliani
541 3011 641 3056 mortem
661 3007 761 3071 scriptae
778 3023 827 3055 esse
845 3007 970 3056 videantur
987 3006 1034 3068 (CI.
1051 3007 1140 3055 Sullana
1157 3007 1183 3055 in
1201 3007 1244 3054 Iw.
1263 3021 1288 3058 V.

114 3086 175 3136 M.'s
201 3087 294 3136 Hundb.
321 3089 343 3136 d.
370 3089 403 3136 kl.
431 3089 479 3138 att.
504 3089 568 3146 VIII,
586 3091 609 3146 2,
627 3106 678 3152 pag*
696 3092 754 3148 444)
773 3117 803 3125 -
822 3089 941 3139 Trabaudt
958 3090 1010 3151 (De
1026 3090 1153 3140 minoritae
1170 3106 1230 3153 quae
1245 3091 1287 3138 aab

113 3170 210 3219 nomiae
244 3170 387 3233 Quintiliani
414 3174 534 3236 feruntur
566 3172 775 3221 declamationibus
782 3193 789 3227 ;
815 3173 845 3220 cs.
877 3172 948 3221 etiam
975 3172 1070 3229 Fleiter‚
1096 3172 1135 3220 De
1159 3171 1287 3220 minoribus

113 3268 177 3318 quae
212 3253 254 3300 rui
282 3253 374 3301 nomiae
401 3253 546 3316 Quintiliani
567 3257 685 3320 seruntur
714 3255 936 3310 declamationitue;
966 3259 1093 3318 utrumque
1119 3258 1287 3304 commemorat

114 3334 207 3382 Schuuz
224 3333 240 3382 1.
250 3333 267 3382 l.
294 3351 344 3398 pag.
363 3337 421 3394 445)
438 3352 513 3400 nuper
530 3337 691 3400 probabilibus
707 3337 839 3385 rationibus
856 3338 968 3401 exposuIt.
987 3337 1119 3386 Tumdocti
1130 3337 1168 3386 illi
1178 3337 1224 3384 viri
1234 3336 1287 3400 plus

115 3431 190 3479 quam
210 3417 299 3480 scripta
316 3421 372 3464 suut
389 3417 422 3465 ibi
443 3418 520 3481 legere
542 3421 660 3468 videntur.
681 3420 753 3467 Dives
770 3420 831 3480 quis,
847 3421 970 3482 aquodam
983 3436 1085 3484 paupere
1094 3420 1122 3468 ad
1132 3420 1285 3468 cenaminvi·

112 3503 188 3552 tatus.
216 3497 288 3546 huius
313 3501 392 3564 rapuit
417 3501 519 3564 puellam
543 3518 613 3565 quam
639 3503 677 3550 hic
702 3502 813 3551 ancillam
838 3519 885 3550 esse
903 3503 1001 3551 dixerat.
1038 3502 1123 3550 Puella
1138 3519 1166 3550 ex
1184 3502 1234 3564 lege
1251 3517 1287 3550 ra·

115 3585 214 3644 piarum
240 3582 335 3646 nuptias
361 3583 457 3647 optavit.
492 3584 537 3632 Vir
562 3584 627 3633 dives
652 3590 744 3633 accusat
758 3599 883 3649 pauperem
896 3585 1129 3648 circumscriptionis.
1155 3586 1289 3649 Respondet

112 3663 155 3712 lric
183 3663 286 3712 divitem
312 3665 392 3712 virum
418 3666 497 3730 ipsum
516 3683 564 3714 non
581 3667 707 3716 credidIsse
724 3666 835 3714 ancillam
852 3683 908 3715 esse.
942 3667 974 3716 Et
990 3668 1068 3730 pergit
1085 3695 1114 3704 —
1134 3667 1190 3716 haec
1209 3673 1288 3716 autem

115 3748 173 3794 suut
209 3744 280 3794 verba
306 3761 365 3809 quae
390 3762 441 3796 rem
467 3749 591 3798 continent
616 3771 663 3796 -ι
692 3749 827 3814 „Possis
856 3753 890 3798 tu
915 3751 1069 3799 fortasse
1094 3751 1156 3798 huc
1181 3766 1287 3814 usque

116 3827 336 3876 descendere
371 3835 406 3877 ut
439 3847 503 3879 uon
537 3832 710 3880 fastidias
737 3848 922 3896 pauperes:
949 3848 1119 3896 nunquam
1145 3832 1286 3896 cupidi·

115 3917 170 3958 tas
195 3913 254 3959 tua
280 3926 386 3974 usque
411 3914 449 3961 ad
475 3915 655 3979 mancipia
680 3914 895 3963 descendet.''
930 3914 1188 3978 Nauigituragitde
1207 3916 1290 3978 quovis

115 3993 215 4042 fastidio
243 4019 274 4028 —
301 4008 356 4041 uam
382 3995 407 4042 id
433 3996 511 4059 ipsum
528 3998 590 4060 quod
608 3998 647 4046 vir
663 3997 729 4046 dives
746 3998 809 4061 apud
823 4011 949 4061 pauperem
967 3996 1064 4046 cenabat
1080 3997 1135 4046 satis
1154 3997 1290 4048 ostendebat

116 4091 173 4126 eum
190 4091 306 4140 pauperes
322 4091 370 4124 non
388 4077 494 4127 fastidire
509 4107 540 4116 -
560 4080 600 4128 sed
618 4080 647 4129 de
664 4084 726 4128 certa
743 4080 843 4143 quadarn
861 4095 936 4136 causa,
955 4079 1098 4128 contendens
1115 4080 1193 4138 illum,
1213 4081 1236 4129 si
1253 4096 1291 4130 ree

115 4160 151 4208 ita
167 4158 233 4215 ferat,
248 4159 347 4207 tortasse
364 4159 467 4222 puellam
484 4177 610 4226 pauperem
628 4177 675 4210 esse
693 4169 823 4225 rapturum,
841 4175 931 4210 servam
946 4177 1066 4226 nunquam
1084 4168 1216 4226 rapturum.

152 4241 170 4300 ὅ)
195 4239 276 4290 Ueber
302 4241 349 4290 den
376 4243 452 4291 Stand
477 4244 519 4292 der
535 4243 632 4292 Beviilk.
656 4261 677 4292 n.
696 4244 735 4293 die
753 4243 942 4292 Vollsvermelrr.
961 4243 994 4292 im
1012 4243 1114 4294 Altertlr.
1132 4245 1167 4308 (in
1189 4244 1250 4294 Aba.
1268 4243 1290 4292 d.

117 4317 179 4372 Btrl.
198 4323 274 4372 ulad.
293 4338 314 4370 a.
333 4323 355 4370 d.
372 4325 395 4372 J.
415 4325 496 4384 1840),
515 4342 566 4390 pag.
585 4326 624 4374 29.
