3040 5134
582 616 645 684 171

37 802 144 883 potest
190 796 351 864 Primum
384 796 477 863 enim
509 796 637 862 mirum
671 795 699 863 si
732 796 911 885 scriptores
945 803 1017 865 tam
1049 818 1194 884 gravem

37 910 331 976 commutationem
372 930 509 996 prorsus
546 908 679 976 silentio
719 911 968 996 praeterissent.
1024 911 1126 992 Tum,
1168 910 1196 976 si

36 1023 214 1108 cogitemus
249 1022 511 1090 frumentarium
548 1021 738 1090 subsidium
769 1024 992 1110 quantumvis
1017 1023 1196 1109 magnifa-

37 1135 105 1216 cias,
127 1143 245 1204 tamen
268 1137 331 1202 toti
352 1135 502 1202 familiae
526 1135 570 1228 ad
594 1136 725 1203 victum
748 1136 949 1224 cultumque
971 1158 1193 1224 nequaquam

15 1285 17 1290 ·
37 1249 196 1316 suffecisse
216 1250 308 1335 (vide
320 1249 432 1336 inira),
446 1249 540 1315 haud
554 1249 746 1316 verisimile
760 1249 896 1318 videtur
906 1273 969 1337 pro
982 1272 1022 1318 eo
1034 1251 1196 1338 pretium,

37 1363 130 1430 semel
152 1363 338 1444 sublatum,
352 1362 465 1429 denuo
477 1363 672 1429 institutum
685 1385 765 1445 esse,
779 1365 979 1450 praesertim
991 1385 1072 1431 cum
1085 1364 1195 1449 magis

37 1478 203 1564 magisque
226 1477 449 1564 imperatores
470 1497 590 1542 auram
613 1476 815 1564 popularem
831 1483 1010 1564 captarent
1023 1477 1195 1565 variisque

37 1589 265 1675 largitionibus
282 1590 368 1657 bene
384 1590 453 1656 emi
464 1590 649 1676 imperium
662 1597 832 1677 putarent.
857 1591 981 1658 Gravis
994 1591 1099 1658 etiam
1111 1590 1201 1658 haec·

37 1705 289 1788 argumentatio,
321 1725 425 1791 quam
449 1703 517 1790 legi
540 1703 632 1791 apud
658 1703 867 1772 Hirschfeld.
892 1702 918 1791 ¹)
952 1704 1110 1772 'Postibus
1133 1706 1197 1772 Ta·

37 1817 94 1883 cito
116 1825 149 1884 et
171 1817 336 1884 Suetonio
358 1815 385 1904 ⁵)
409 1818 499 1884 Nero
522 1817 747 1904 praetorianis
767 1817 967 1885 cohortibus
982 1819 1196 1885 frumentum

38 1937 244 1998 menstruum
266 1931 456 2017 gratuitum
479 1931 665 1997 constituit.
695 1931 882 2018 Septimius
893 1931 1039 1999 Severus
1050 1932 1092 1998 iis
1103 1931 1197 1997 idem

38 2045 242 2130 congiarium
277 2045 371 2111 dedit
405 2051 508 2131 atque
543 2044 638 2131 plebi
667 2045 924 2112 frumentariae.
947 2043 975 2132 8)
1020 2045 1112 2131 Ergo
1136 2045 1197 2129 rix

38 2157 172 2224 dubium
196 2180 266 2226 esse
291 2164 409 2246 potest,
434 2158 520 2244 quin
542 2156 632 2224 Nero
655 2158 935 2245 praetorianosin
953 2157 1031 2225 albo
1046 2159 1196 2224 frumen-

39 2277 104 2337 tum
136 2293 267 2354 eorum,
303 2273 364 2359 qui
386 2272 600 2338 frumentum
622 2271 848 2359 accipiebant,
872 2272 1073 2359 ascripserit.
1120 2273 1197 2352 Quo

39 2386 172 2452 efficitur
198 2387 252 2453 his
276 2407 413 2473 quoque
436 2385 508 2452 sine
531 2386 640 2472 pretio
660 2393 874 2453 menstruam
885 2385 1104 2472 largitionem
1117 2386 1197 2453 iuis-

41 2519 68 2565 se
89 2499 315 2566 distributam.

76 2613 123 2680 De
146 2614 313 2680 frumenti
333 2635 477 2681 numero
500 2635 539 2680 ac
562 2613 670 2701 pretio
694 2613 778 2680 haec
799 2613 905 2680 habui
928 2634 1016 2701 quae
1038 2613 1198 2680 dicerem.

40 2725 105 2792 lam
140 2727 320 2794 redeamus
343 2727 387 2794 ad
409 2749 565 2794 annonae
588 2748 689 2794 curae
713 2735 747 2794 et
770 2727 1079 2794 frumentationum
1105 2727 1196 2793 utili·

41 2846 143 2923 tatem,
161 2863 250 2929 quae
268 2862 349 2907 cum
359 2840 402 2906 ad
416 2841 612 2908 universam
625 2839 794 2907 urbanam
808 2839 944 2927 plebem
956 2847 1032 2907 tum
1045 2841 1196 2907 maxime

40 2955 75 3019 ad
97 2976 263 3043 pauperes
286 2954 527 3022 redundavisse
552 2955 706 3042 putanda
717 2961 776 3020 est.
800 2954 899 3019 Dicat
912 2953 1037 3041 aliquis
1048 2954 1144 3036 forte,
1161 2959 1199 3021 ut

40 3066 70 3132 in
91 3068 413 3136 frumentationibus
435 3067 563 3154 singuli
586 3068 780 3155 acciperent
798 3067 863 3147 viri
892 3089 1030 3134 -nam
1043 3067 1198 3155 quinque

41 3183 160 3249 modios
184 3183 288 3248 unius
311 3182 355 3248 ad
379 3183 510 3250 victum
533 3182 764 3269 suppeditasse
786 3181 886 3247 modo
900 3180 1199 3247 dixi-nondum

41 3305 248 3383 prospectum
276 3295 377 3362 fuisse
402 3295 604 3362 mulieribus
625 3294 739 3362 liberis
763 3295 878 3362 servis.
926 3294 1014 3361 Sunt
1039 3295 1114 3377 ista,
1139 3295 1198 3361 sed

41 3408 117 3475 illud
160 3411 276 3497 ipsum
307 3409 498 3478 subsidium
532 3431 618 3475 num
649 3416 722 3476 erat
744 3408 987 3496 spernendum,
1013 3430 1080 3496 quo
1106 3407 1198 3495 quod

40 3522 172 3608 singulis
208 3523 362 3611 patribus
395 3522 545 3590 familiae
579 3523 660 3589 satis
691 3523 729 3588 in
763 3543 865 3588 usum
889 3528 961 3588 erat
983 3522 1196 3589 frumentum

41 3637 164 3721 publice
211 3637 328 3723 gratiis
373 3637 657 3704 ministrabatur?
711 3637 825 3703 Immo
868 3635 1062 3702 maximum
1097 3635 1198 3701 fuisse

42 3829 83 3880 aive
106 3833 205 3881 sedecim
230 3832 323 3882 essibus
337 3831 441 3882 licuisse.
458 3832 504 3894 (Ol.
523 3847 595 3897 supra
611 3846 662 3897 pag.
682 3831 732 3891 57.)
765 3831 864 3879 Senatus
881 3828 993 3894 quoniam
1010 3827 1140 3877 minimum
1158 3827 1199 3876 Hs

41 3917 111 3964 ternos
135 3917 185 3966 sive
204 3917 323 3966 duodeno·
340 3932 401 3965 asses
419 3932 461 3980 pro
479 3915 582 3980 siugulis
598 3915 674 3964 tritici
691 3915 778 3964 modiis
795 3913 899 3963 solvebat
915 3912 979 3974 (vide
996 3910 1130 3976 exemplum
1148 3910 1199 3960 Cic.

31 3991 99 4047 'Verr¹
124 3999 168 4060 111,
187 3999 227 4059 70,
246 3999 311 4059 lca),
329 3999 349 4048 si
367 3998 430 4048 aenis
452 3998 544 4047 assibus
561 4001 584 4046 at
600 3997 727 4047 trientibus
745 3996 866 4056 vendebat,
883 3995 931 4044 iem
949 3994 1044 4043 dimidii
1062 3994 1110 4042 fere
1127 3993 1199 4042 buius

44 4082 104 4142 pretii
120 4083 232 4131 iacturam
249 4081 347 4132 iaciebat
363 4081 487 4131 caranum.

72 4163 87 4222 ¹)
120 4164 223 4214 Hircchi.
239 4164 255 4215 l.
274 4164 291 4214 l.
311 4181 363 4230 pag.
383 4164 421 4213 13.
439 4164 498 4213 Vide
514 4163 584 4213 ctiam
601 4180 653 4229 pag.
672 4163 728 4212 151.

74 4245 91 4307 ἢ
122 4247 176 4298 Tac.
193 4249 256 4298 Anu.
274 4247 325 4306 XV,
343 4247 390 4306 72,
408 4247 472 4297 Suet.
489 4246 552 4296 Naro
571 4246 610 4296 10.

71 4328 90 4390 Ι)
120 4330 412 4392 aiocm.mvl,·1‚
431 4330 453 4380 1.
