3122 5130
679 594 698 658 7

93 771 279 856 egentium
296 786 431 841 ¹curam
465 772 604 860 propius
639 771 769 838 accedit
793 791 900 857 quam
923 769 1041 836 omnia
1066 789 1154 856 quae
1179 789 1275 856 prae·

95 891 286 951 cesserunt.
334 885 422 950 Sunt
457 885 671 966 ‚,alimenta’',
709 906 795 972 quae
828 905 921 948 nunc
955 883 1097 982 demum
1132 883 1272 968 attingo,

97 999 189 1084 quia,
217 1019 434 1085 quamquam
459 999 529 1065 iam
550 998 706 1083 Augusto
729 997 914 1083 imperium
925 1001 1090 1062 tractante
1105 995 1274 1083 quaedam

96 1111 242 1177 illorum
265 1112 409 1196 vestigia
432 1112 658 1198 reperiuntur,
682 1118 798 1177 tamen
822 1108 970 1176 secundo
994 1109 1136 1175 demum
1146 1132 1179 1196 p.
1193 1109 1272 1176 ohr.

96 1247 129 1290 n.
153 1223 304 1305 saeculo,
328 1224 408 1291 inde
431 1246 451 1290 a
474 1225 590 1292 Nerva
614 1232 648 1290 et
676 1203 834 1304 Traiane,
848 1225 968 1288 florere
984 1229 1180 1309 coeperunt.
1206 1223 1272 1288 His

95 1338 274 1404 alimentis
305 1338 387 1403 certi
411 1338 552 1424 quidam
575 1339 694 1424 inopes
717 1338 816 1424 pueri
838 1342 872 1403 et
897 1335 1032 1423 puellae
1056 1335 1193 1422 publice
1217 1334 1274 1403 vel

99 1473 118 1515 a
151 1451 301 1537 privatis
334 1450 378 1516 ad
415 1451 683 1518 adulescentiam
714 1450 999 1538 perducebantur.
1046 1450 1274 1536 Imperatores

98 1564 134 1628 id
157 1565 379 1650 potissimum
402 1563 608 1651 spectabant,
634 1572 673 1629 ut
695 1563 922 1649 agriculturae
946 1563 1050 1628 etiam
1062 1569 1138 1629 tum
1149 1562 1274 1628 iacenti

100 1677 276 1742 auxilium
298 1678 425 1742 ferrent
444 1677 640 1764 pubemque
653 1677 845 1762 legionibus
856 1676 1082 1757 adducerent;
1097 1682 1169 1742 erat
1180 1675 1273 1742 enim

104 1811 295 1875 „magnum
329 1789 498 1856 educandi
531 1791 795 1856 incitamentum
830 1789 946 1856 tollere
969 1777 1094 1856 liberos
1116 1789 1155 1854 in
1177 1811 1273 1876 spem

101 1902 379 1969 alimentorum.''
405 1901 431 1990 ¹)

143 2129 300 2196 Diversis
332 2129 435 2196 huius
469 2129 779 2217 disputatiunculae
807 2129 890 2196 locis
923 2130 994 2195 iam
1025 2127 1174 2196 breviter
1198 2150 1272 2216 per-

99 2243 224 2309 strictis
259 2242 433 2330 quaeritur
467 2249 586 2317 utrum
622 2244 771 2310 Romani
807 2243 1033 2330 perpetuitate
1064 2242 1216 2330 quadam
1239 2249 1272 2308 et

101 2357 294 2422 constantia
305 2357 481 2442 egentium
493 2379 612 2424 curam
623 2356 807 2424 habuerint
818 2379 934 2422 necne.
948 2356 984 2422 Si
993 2379 1066 2422 rem
1074 2357 1272 2424 universam

102 2476 242 2555 spectes
266 2470 466 2554 negandum
488 2476 547 2537 est.
582 2470 725 2538 Publica
748 2470 888 2537 consilia
910 2470 954 2536 ad
988 2490 1170 2535 omnem
1203 2469 1272 2556 ple·

101 2581 189 2665 bem,
215 2582 385 2649 urbanam
401 2590 500 2664 certe,
514 2584 741 2670 pertinebant.
765 2583 812 2648 At
828 2584 995 2649 nimirum
1004 2583 1123 2670 inopes
1134 2603 1271 2669 quoqne

102 2695 193 2762 illius
215 2694 325 2782 plebis
348 2718 426 2782 pars
449 2705 554 2780 erant,
578 2697 723 2784 ideoque
748 2703 781 2762 et
803 2697 868 2783 ipsi
891 2718 935 2762 ex
956 2697 999 2761 iis
1021 2695 1169 2762 consiliis
1181 2675 1274 2762 eom-³

103 2809 246 2874 modum
268 2808 458 2895 capiebant.
492 2810 543 2880 Ne
569 2810 716 2876 Gracchi
729 2809 870 2896 quidem
881 2809 1090 2893 egentissimi
1102 2809 1266 2897 cuiusque
1336 2877 1339 2882 ,

103 2923 255 2987 maxime
279 2923 447 2988 rationem
470 2922 607 2988 duxisse
631 2922 801 2990 videntur.
822 2921 847 3007 ⁹)
883 2923 1043 2988 Ceterum
1054 2943 1135 2988 cum
1146 2943 1266 2988 eorum

105 3041 179 3100 tum
203 3042 394 3101 ceterorum
418 3037 477 3124 qui
501 3037 620 3123 populi
644 3058 782 3102 causam
797 3036 945 3120 agebant
956 3036 1096 3102 consilia
1108 3057 1272 3120 magnam

105 3155 239 3234 partem
262 3155 322 3214 aut
344 3148 388 3214 ab
409 3149 631 3236 optimatibus
642 3151 686 3214 ad
697 3150 833 3215 irritum
845 3148 1087 3234 redigebantur
1099 3156 1158 3215 aut
1169 3149 1272 3215 nimis

107 3283 182 3326 rara
205 3262 346 3326 fuerunt
370 3284 475 3349 quam
487 3270 526 3328 ut
537 3263 578 3328 iis
591 3285 718 3348 magna
730 3263 781 3330 vis
793 3262 898 3329 tribui
910 3263 1024 3349 possit.
1037 3261 1065 3349 ³)
1097 3262 1273 3329 Bellorum

109 3375 250 3460 quidem
273 3375 428 3442 civilium
451 3377 563 3458 duces,
587 3377 739 3464 itemque
751 3383 868 3462 postea
880 3377 1110 3463 imperatores
1125 3376 1272 3442 studiose

108 3494 350 3554 veteranorum
384 3490 563 3556 commoda
594 3488 787 3556 tuebantur.
834 3490 881 3555 At
902 3489 1058 3576 priorum
1083 3496 1172 3555 certe
1196 3489 1273 3554 rati-

109 3624 219 3683 onem,
255 3623 324 3688 qua
353 3601 478 3689 placidi
502 3625 600 3690 saepe
625 3604 715 3670 cives
738 3603 1004 3690 possessionibus
1027 3602 1095 3668 suis
1119 3600 1274 3668 deturba·

109 3714 244 3796 bantur,
281 3736 392 3797 neme,
427 3723 520 3803 put0‚
546 3717 723 3801 egentium
745 3739 864 3783 curam
888 3714 1082 3803 appellabit.
1128 3716 1171 3781 In
1194 3715 1276 3800 ipsis

110 3828 275 3894 frumenti
309 3829 629 3916 congiariorumque
665 3830 959 3896 distributionibus
994 3851 1113 3895 eorum
1147 3827 1276 3914 potissi·

114 3972 306 3982 ...—

145 4041 162 4102 ¹)
179 4039 246 4090 Plin.
264 4039 344 4104 Puneg
371 4040 410 4093 27.

144 4123 246 4188 ⁷),P1ut
267 4123 295 4172 Ο.
312 4123 409 4174 Gracch.
428 4126 452 4181 9,
471 4125 494 4174 2.

142 4207 161 4266 ³)
187 4209 223 4258 Ut
245 4207 353 4274 exemplo
370 4213 438 4258 utar:
456 4207 553 4267 Ouedra
571 4212 664 4260 auctore
680 4225 736 4272 ager
753 4209 888 4272 (fempanus
905 4210 929 4257 et
945 4205 1049 4256 Stellatis
1065 4205 1156 4257 divisus
1171 4209 1206 4256 est
1222 4195 1278 4270 pau-

112 4291 206 4354 peribus
226 4292 267 4350 iis,
284 4290 370 4356 quibus
388 4291 451 4340 terni
467 4289 576 4356 pluresve
593 4289 664 4342 liberi
682 4293 765 4344 essent.
784 4284 820 4339 Ol.
839 4291 901 4344 Suet.
919 4288 966 4338 Iul.
986 4286 1017 4338 ΞΟ
1034 4288 1137 4353 aliosque
1145 4287 1278 4354 scriptores.
