3084 5128
627 651 692 718 245

117 829 162 896 At
193 851 276 897 vero
300 829 410 896 multo
433 830 532 916 plura
557 831 624 897 dici
648 843 788 918 possunt
811 830 853 898 do
877 831 1088 899 Caesarianis
1109 837 1239 919 tempo·

75 943 174 1010 ribus.
222 945 321 1010 Tunc
345 944 438 1010 enim
462 944 643 1010 hominum
668 945 775 1010 arrimi
794 944 845 1011 vel
859 945 1009 1012 maxime
1022 945 1065 1011 ad
1077 944 1242 1013 beneficia

75 1064 168 1124 erant
191 1058 363 1145 propensi.
408 1058 452 1123 In
471 1059 613 1124 honesta
636 1066 669 1124 et
689 1059 872 1144 magnifica
884 1080 965 1146 opes
977 1081 1054 1126 suas
1066 1059 1237 1128 insumere

75 1173 190 1238 aetatis
226 1173 312 1238 ratio
346 1177 381 1238 et
415 1171 573 1240 voluntas
605 1178 687 1238 erat.
723 1171 750 1259 ¹)
804 1173 1018 1240 Documento
1052 1179 1133 1240 sunt
1161 1195 1241 1240 eum

76 1349 266 1358 ——-—-

74 1459 230 1522 quadriduum
257 1459 329 1509 dedit.
358 1459 436 1524 magni
463 1464 543 1509 tamen
560 1459 665 1508 muneris
683 1477 708 1508 ea
725 1475 818 1509 summa
836 1460 888 1516 luit.
907 1463 934 1510 ut
951 1476 991 1526 per
1007 1461 1115 1510 triduum
1132 1463 1243 1524 quattuor

74 1546 94 1589 et
119 1543 265 1608 septuaginta
291 1543 398 1591 homines
422 1544 551 1606 pugnarint
561 1542 575 1563 '¹
610 1543 654 1604 (De
680 1543 845 1591 visceratione
871 1559 926 1591 voce
952 1544 982 1592 cl.
1000 1560 1051 1607 pag.
1072 1544 1243 1604 18811114.)

104 1625 182 1690 Epulo
199 1626 308 1675 funebria
325 1627 461 1674 1111111111
479 1625 630 1675 novendiales
649 1625 755 1674 solebant
772 1642 822 1674 esse
839 1629 889 1674 tam
907 1625 1046 1682 luxuriosae,
1065 1631 1092 1674 ut
1108 1627 1134 1674 in
1147 1642 1242 1691 prover-

74 1708 137 1757 bium
165 1709 280 1758 venirent.
315 1709 398 1772 Cogita
415 1710 443 1758 de
460 1709 529 1773 epulo
547 1709 590 1758 illo
607 1708 702 1757 funebri
720 1709 750 1772 Q.
769 1709 843 1766 Arrii,
861 1709 982 1757 Ciceronis
999 1709 1132 1764 familiaris,
1151 1710 1179 1758 de
1196 1726 1243 1773 quo

74 1793 123 1840 vide
141 1793 191 1841 Cic.
210 1793 240 1841 ln
262 1793 314 1841 Vut.
334 1794 373 1849 12,
391 1793 439 1849 30;
459 1793 604 1854 13,31(11.
624 1792 773 1841 1111811111.
792 1791 825 1847 11,
844 1791 867 1849 3,
886 1791 935 1849 86).
972 1792 1102 1856 Antiquam
1119 1791 1241 1855 frugalita-

81 1892 115 1924 em
142 1877 245 1924 servavit
271 1877 300 1940 Q
327 1876 427 1924 Tubero.
463 1876 511 1940 „ls,
542 1892 596 1924 cum
614 1875 711 1940 epulum
730 1875 759 1938 Q.
780 1875 898 1923 Maximus
916 1875 942 1922 P.
960 1874 1075 1929 Africani.
1096 1876 1174 1938 patrui
1194 1877 1241 1932 sui,

73 1960 166 2007 nornine
192 1959 280 2024 populo
306 1960 411 2007 Romano
437 1959 509 2016 daret,
532 1963 626 2022 rogatus
642 1963 676 2008 est
694 1975 707 2007 a
724 1958 836 2014 Maximo,
857 1962 881 2005 ut
898 1957 1032 2005 triclinium
1050 1961 1169 2016 sterneret,
1187 1974 1242 2007 cum

10 2059 11 2062 ¹
74 2047 128 2090 esset
153 2043 246 2091 Tubero
272 2043 376 2090 eiusdem
403 2042 508 2090 Africani
535 2042 620 2090 sororia
648 2042 720 2090 tilius.
756 2043 834 2105 Atque
859 2040 910 2099 ille,
936 2040 1006 2090 homo
1024 2041 1199 2090 eruditissimus
1215 2057 1242 2089 ao

10 2125 12 2182 J
74 2125 170 2183 Stoicus,
197 2126 281 2174 stravit
303 2124 424 2190 pelliculis
441 2125 548 2173 haedinis
566 2125 664 2173 lectulos
683 2125 816 2173 Punicanos
834 2128 857 2172 et
874 2124 982 2189 exposuit
998 2140 1054 2172 vasa
1070 2124 1156 2183 Samia,
1174 2125 1242 2188 quasi

10 2193 11 2244 l
75 2225 124 2256 rero
150 2215 211 2257 esset
229 2209 344 2272 Diogenes
361 2208 465 2272 Cynicus
483 2213 590 2256 mortuus
607 2213 630 2257 et
647 2224 694 2257 non
711 2207 787 2257 divini
807 2207 912 2257 hominis
929 2207 1034 2256 Africani
1053 2223 1116 2255 mors
1134 2206 1241 2256 honesta·

75 2293 158 2342 1·ctnr.''
194 2293 269 2341 Addit
293 2298 371 2341 tamen
397 2292 495 2340 Cicero:
523 2293 618 2356 „Huius
645 2292 670 2340 in
696 2297 770 2340 morte
791 2291 928 2340 celebranda
944 2292 1047 2355 graviter
1063 2290 1122 2341 tulit
1137 2291 1241 2356 populus

76 2376 191 2426 Romanus
217 2377 278 2425 hanc
303 2392 435 2440 perversam
461 2375 600 2438 sapientiam
625 2375 764 2433 Tuberonis,
791 2375 870 2440 itaque
896 2375 967 2424 horno
989 2374 1163 2439 integerrimus,
1182 2374 1241 2423 civis

76 2461 183 2524 optimus,
215 2476 269 2508 cum
297 2463 356 2507 esset
378 2459 405 2508 L.
423 2458 492 2507 Pauli
511 2475 591 2522 nepos,
609 2458 636 2506 P.
655 2458 768 2516 Africani,
787 2462 813 2506 ut
830 2459 888 2517 dixi,
910 2458 996 2507 sororis
1013 2457 1087 2516 filius,
1104 2457 1142 2506 bis
1161 2457 1240 2506 haedi-

9 2577 10 2612 5
78 2545 111 2593 nis
136 2543 258 2608 pelliculis
284 2547 390 2608 praetura
414 2543 517 2592 deiectus
542 2546 584 2590 est.
620 2542 678 2591 Odit
704 2541 806 2606 populus
832 2542 952 2592 Romanam
977 2542 1094 2606 privatam
1112 2541 1241 2600 luxuriam,

9 2613 10 2630 ³
77 2629 192 2692 publicam
209 2627 408 2690 magnificentiam
421 2626 517 2689 diligit;
536 2641 583 2676 non
601 2630 663 2673 1111111
679 2627 786 2689 profusus
804 2625 893 2690 epulas,
911 2626 988 2673 sordes
1006 2630 1029 2673 et
1040 2625 1240 2674 inhumanitatem

77 2712 147 2761 multo
173 2710 279 2761 minus.’'
314 2709 374 2771 (Cic.
398 2710 444 2757 Pro
470 2709 534 2758 Mur.
562 2709 601 2766 36,
628 2709 658 2761 75
683 2725 747 2772 seq.;
761 2709 790 2757 cl.
808 2708 879 2757 etiam
896 2709 975 2758 Seneo.
993 2709 1037 2772 up.
1056 2708 1117 2756 Mor.
1135 2707 1185 2765 XV,
1203 2725 1240 2773 ep.

78 2796 90 2842 3
113 2798 173 2857 (95),
203 2795 235 2848 72
261 2810 325 2858 seq.;
355 2792 417 2851 XVI,
444 2809 480 2857 ep.
506 2794 598 2854 3(98),
617 2792 664 2849 13;
683 2791 734 2841 Vel.
753 2792 816 2841 Max.
834 2791 889 2849 Vll,
908 2793 930 2850 5,
951 2791 981 2851 1.)
999 2790 1128 2854 Complura
1146 2808 1244 2841 munera

9 2901 10 2942 3
78 2879 180 2928 funebria
196 2878 313 2942 congessit
329 2877 416 2925 Priedl.
434 2877 496 2941 apud
514 2876 589 2939 Marq.
607 2875 661 2924 StV.
679 2875 728 2923 111²
752 2891 803 2939 pag.
823 2876 871 2922 554
889 2875 943 2923 adn.
962 2876 975 2921 5
994 2881 1017 2922 11
1036 2876 1060 2922 6.

107 2962 249 3026 Municipiis
266 2961 329 3010 idem
347 2977 398 3008 mos
415 2963 469 3008 erat,
505 2958 645 3023 Exemplum
665 2959 778 3008 hebemus
795 2958 820 3006 in
839 2957 889 3005 filio
907 2957 933 3005 L.
952 2957 1026 3021 Papio
1044 2956 1152 3005 Pollione
1165 2958 1244 3021 quiex

78 3047 210 3094 testamento
228 3045 302 3109 petris
319 3044 435 3092 arbitratu
453 3043 478 3091 L.
497 3042 635 3091 Nocercinii
657 3041 775 3090 Pollionis
792 3041 848 3090 haee
865 3041 910 3089 tria
927 3040 982 3088 lecit
999 3041 1025 3088 in
1039 3041 1151 3089 honorem
1163 3042 1243 3104 patris.

78 3126 181 3176 Primum
208 3128 314 3176 mulsum
341 3131 364 3175 et
390 3131 503 3184 crustum,
529 3127 626 3174 fortasse
652 3126 677 3173 in
694 3125 807 3188 exequiis,
824 3124 888 3173 dedit
901 3123 991 3172 colonis
1009 3123 1167 3181 Sinuessanis,
1186 3125 1243 3173 item

79 3211 183 3259 omnibus
200 3211 339 3259 hominibus
357 3226 384 3258 ex
404 3210 456 3258 vico
473 3210 596 3257 Sinuessae
613 3209 725 3257 attributo
743 3207 866 3257 Caediciis.
901 3207 992 3256 Deinde
1009 3212 1031 3256 et
1049 3223 1137 3256 munus
1154 3207 1243 3271 gladia·

79 3294 161 3342 terium
178 3299 201 3343 et
218 3310 298 3342 cenern
316 3293 381 3342 dedit
398 3309 451 3341 cum
469 3291 559 3340 colonis
577 3292 725 3340 Sinuessanis
734 3297 786 3340 tum
794 3291 871 3354 gentis
881 3292 967 3356 Papiae
975 3291 1086 3340 omnibus
1095 3291 1242 3341 hominibus.

80 3375 181 3441 Denique
205 3381 385 3427 monumentum
411 3376 466 3424 lecit
490 3392 517 3424 ex
543 3375 676 3424 sestertium
702 3373 749 3422 XII
767 3374 867 3423 milibus
885 3392 1017 3424 nummum.
1037 3374 1244 3435 cf.c.1.n.1,

81 3457 140 3507 1199
157 3465 179 3509 et
197 3461 331 3509 Mommsen
349 3459 418 3509 adh.
436 3463 452 3508 t.

113 3542 127 3601 ¹)
160 3545 230 3594 Mart.
248 3544 290 3602 IX,
309 3544 348 3601 22,
366 3560 400 3592 vs.
424 3544 446 3601 l,
465 3543 543 3601 2,15,
563 3542 606 3591 lu:

175 3628 271 3690 „Credis
288 3627 317 3676 ob
335 3627 390 3676 haec
407 3643 453 3685 me,
470 3627 559 3684 Pastor,
576 3643 631 3691 opes
648 3626 743 3674 sortasse
762 3642 849 3690 rogare,

205 3711 303 3774 Propter
320 3726 379 3774 quae
395 3709 480 3773 vulgus
497 3725 618 3772 crassaque
635 3708 703 3757 turba
720 3714 792 3772 rogat,

172 3795 215 3843 nst
232 3793 295 3842 nihil
312 3811 339 3842 ex
356 3793 425 3844 istis:
443 3809 539 3858 superos
555 3809 582 3841 ao
599 3793 674 3842 sidera
691 3797 769 3841 testor.

205 3879 267 3941 Ergo
284 3878 363 3942 quid?
398 3877 431 3925 Ut
447 3877 540 3932 donem,
558 3877 646 3932 Pastor,
664 3881 687 3924 et
703 3876 847 3925 aedificem.''

82 3955 114 4004 (11.
130 3959 213 4009 1111111.
232 3961 386 4024 Sittcngesch.
404 3960 541 4008 1111111111
559 3976 611 4024 pag.
631 3961 694 4007 151:
714 3959 780 4022 „Von
799 3959 843 4007 den
861 3958 964 4006 Reichen
981 3957 1031 4006 und
1048 3957 1241 4007 Grossenwurde

81 4039 158 4090 immor
183 4045 242 4093 noch
268 4048 381 4102 erwmtet,
409 4044 462 4092 dass
488 4044 522 4091 sie
542 4043 609 4091 ihren
627 4043 760 4090 Ueberfiuss
778 4042 844 4089 nicht
862 4040 925 4089 bloss
941 4057 983 4089 nur
999 4041 1187 4102 Unterstiitzuug
1203 4041 1245 4090 der

82 4123 176 4175 Armuth
202 4129 339 4178 verwenden
369 4129 462 4175 wiirden
466 4163 621 4184 .......
644 4127 744 4174 sondern
762 4125 830 4181 auch,
848 4125 900 4172 dass
915 4125 948 4173 sie
965 4125 1003 4172 die
1020 4126 1108 4173 Armen
1127 4141 1156 4173 an
1174 4125 1243 4173 ihren

83 4205 193 4260 Geniissen
219 4213 245 4260 iu
269 4210 370 4259 reichem
389 4211 467 4259 Messe
484 4209 646 4258 theilnebmen
662 4209 746 4265 lassen,
763 4208 836 4256 ihnen
854 4207 973 4256 Vortbeile
990 4209 1039 4256 und
1056 4207 1244 4272 Vergniigungex

84 4288 136 4340 aller
150 4297 193 4342 Art
210 4295 334 4359 ganibren
352 4293 457 4353 wiirden,
475 4309 520 4342 von
538 4294 613 4342 denen
630 4292 665 4340 sie
682 4291 708 4341 in
725 4292 767 4340 der
783 4292 911 4341 moderncn
928 4291 992 4341 Welt
1007 4291 1078 4340 meist
1086 4291 1244 4356 ausgeschlos·

83 4388 119 4423 sen
135 4377 210 4428 sind.'’
