3122 5130
663 600 704 666 81

72 775 167 823 eum
202 760 304 831 haud
327 768 428 840 dubie
449 777 622 866 impensae
645 779 870 850 tolerarentur
893 784 1010 851 multis
1033 783 1076 850 ab
1099 779 1266 850 aedilibus

70 868 200 953 plebis
229 876 406 966 impositiS,
421 909 506 974 quae
530 892 658 958 multae
678 894 721 960 ad
734 896 864 964 Cereris
876 898 1046 985 templum
1058 895 1224 963 redibant.
1238 893 1267 980 ¹)

119 985 260 1054 Etiam
283 995 398 1064 minus
419 1003 505 1070 effici
528 1013 638 1092 potest
650 1030 692 1073 ex
707 1009 821 1076 Plauti
834 1012 1003 1078 Rudentis
1014 1011 1060 1092 II,
1074 1011 1104 1092 3,
1119 1006 1266 1075 18-20:

578 1121 652 1201 „Ex
675 1122 774 1210 malis
796 1124 915 1192 multis
938 1131 1102 1211 metuque
1125 1140 1260 1187 summo

119 1211 357 1308 Capitalique
381 1247 425 1292 ex
448 1231 663 1316 perie<u>lo
687 1237 787 1304 orbas
809 1239 985 1326 auxilique
1010 1255 1185 1324 opumque
1198 1233 1267 1298 huc

117 1324 285 1418 Recepit
307 1335 351 1402 ad
373 1361 407 1406 se
432 1341 579 1412 Veneria
602 1347 686 1416 haee
706 1353 862 1420 sacerdes
885 1374 940 1420 me
965 1357 998 1418 et
1019 1345 1264 1416 Palaestram.''

68 1435 160 1504 Non
202 1444 323 1512 solum
358 1473 402 1518 ex
434 1453 499 1523 hoe
532 1458 604 1526 loeo
638 1464 725 1530 nihil
748 1467 815 1532 nisi
838 1466 977 1554 propria
999 1463 1094 1530 illius
1116 1457 1268 1527 saeerde

70 1551 118 1616 tis
145 1555 397 1630 misericordia
419 1566 529 1636 elucet
550 1573 587 1638 in
608 1575 692 1644 duas
718 1581 902 1666 naufragas
921 1577 1064 1668 puellas,
1078 1572 1270 1641 sedetiam-

71 1663 103 1727 si
129 1689 193 1734 res
221 1671 324 1740 aliter
348 1699 382 1744 se
406 1679 556 1765 haberet,
580 1687 720 1758 Plautus
742 1715 812 1760 non
834 1695 875 1760 de
899 1715 960 1760 suo
975 1693 1061 1757 haec
1073 1685 1201 1766 scribit,
1215 1705 1272 1751 ve·

73 1798 164 1845 rum
206 1806 267 1850 res
301 1788 448 1859 Graecas
470 1795 651 1885 depingere
687 1807 873 1874 seeundum
897 1803 1083 1894 Diphilum
1105 1798 1273 1883 Sinopen·

74 1911 156 1958 sem
185 1899 277 1964 satis
300 1901 414 1971 habet.

114 2125 134 2186 ¹)
165 2129 209 2178 cf.
232 2132 345 2185 Niebuhr
361 2137 379 2188 l.
397 2139 414 2188 l.
425 2160 432 2198 ;
450 2141 527 2207 Marq.
545 2143 562 2193 l.
580 2145 597 2195 l.
615 2163 666 2212 pag.
685 2151 733 2200 362
750 2155 803 2205 adn.
822 2157 844 2206 l.
