<?xml version="1.0" encoding="UTF-8"?>
<!DOCTYPE html PUBLIC "-//W3C//DTD XHTML 1.0 Transitional//EN"
    "http://www.w3.org/TR/xhtml1/DTD/xhtml1-transitional.dtd">
<html xmlns="http://www.w3.org/1999/xhtml" xml:lang="en" lang="en">
 <head>
  <title>
</title>
<meta http-equiv="Content-Type" content="text/html;charset=utf-8" />
  <meta name='ocr-system' content='tesseract 3.04.00' />
  <meta name='ocr-capabilities' content='ocr_page ocr_carea ocr_par ocr_line ocrx_word'/>
</head>
<body>
  <div class='ocr_page' id='page_1' title='image "./depauperumcuraa01essegoog_0265.png"; bbox 0 0 3084 5128; ppageno 0'>
   <div class='ocr_carea' id='block_1_1' title="bbox 833 576 898 643">
    <p class='ocr_par' dir='ltr' id='par_1_1' title="bbox 833 576 898 643">
     <span class='ocr_line' id='line_1_1' title="bbox 833 576 898 643; baseline 0.015 -1"><span class='ocrx_word' id='word_1_1' title='bbox 833 576 898 643; x_wconf 82' lang='lat'>244</span> 
     </span>
    </p>
   </div>
   <div class='ocr_carea' id='block_1_2' title="bbox 276 750 1445 1868">
    <p class='ocr_par' dir='ltr' id='par_1_2' title="bbox 276 750 1445 1868">
     <span class='ocr_line' id='line_1_2' title="bbox 279 750 1443 838; baseline 0.007 -22"><span class='ocrx_word' id='word_1_2' title='bbox 279 750 397 818; x_wconf 87' lang='lat' dir='ltr'>tiones.</span> <span class='ocrx_word' id='word_1_3' title='bbox 433 751 459 838; x_wconf 81' lang='lat'>¹)</span> <span class='ocrx_word' id='word_1_4' title='bbox 514 753 591 819; x_wconf 91' lang='lat' dir='ltr'>Iam</span> <span class='ocrx_word' id='word_1_5' title='bbox 638 759 722 836; x_wconf 91' lang='lat' dir='ltr'>tum,</span> <span class='ocrx_word' id='word_1_6' title='bbox 757 777 838 821; x_wconf 89' lang='lat' dir='ltr'>cum</span> <span class='ocrx_word' id='word_1_7' title='bbox 871 755 979 822; x_wconf 90' lang='lat' dir='ltr'>libera</span> <span class='ocrx_word' id='word_1_8' title='bbox 1014 762 1086 822; x_wconf 92' lang='lat' dir='ltr'>erat</span> <span class='ocrx_word' id='word_1_9' title='bbox 1121 757 1361 824; x_wconf 87' lang='lat' dir='ltr'>Romanorum</span> <span class='ocrx_word' id='word_1_10' title='bbox 1393 782 1443 826; x_wconf 90' lang='lat' dir='ltr'>res</span> 
     </span>
     <span class='ocr_line' id='line_1_3' title="bbox 278 864 1445 958; baseline 0.008 -29"><span class='ocrx_word' id='word_1_11' title='bbox 278 864 426 951; x_wconf 84' lang='lat' dir='ltr'>publica,</span> <span class='ocrx_word' id='word_1_12' title='bbox 450 866 587 933; x_wconf 78' lang='lat' dir='ltr'><strong>crebrae</strong></span> <span class='ocrx_word' id='word_1_13' title='bbox 613 875 710 934; x_wconf 91' lang='lat' dir='ltr'>erant</span> <span class='ocrx_word' id='word_1_14' title='bbox 734 871 933 951; x_wconf 88' lang='lat' dir='ltr'>occasiones,</span> <span class='ocrx_word' id='word_1_15' title='bbox 964 891 1076 958; x_wconf 87' lang='lat' dir='ltr'>neque</span> <span class='ocrx_word' id='word_1_16' title='bbox 1100 871 1165 936; x_wconf 92' lang='lat' dir='ltr'>hoc</span> <span class='ocrx_word' id='word_1_17' title='bbox 1178 872 1308 937; x_wconf 91' lang='lat' dir='ltr'>mirum</span> <span class='ocrx_word' id='word_1_18' title='bbox 1320 873 1355 938; x_wconf 91' lang='lat' dir='ltr'>in</span> <span class='ocrx_word' id='word_1_19' title='bbox 1370 874 1445 938; x_wconf 88' lang='lat' dir='ltr'>civi·</span> 
     </span>
     <span class='ocr_line' id='line_1_4' title="bbox 279 978 1443 1070; baseline 0.007 -26"><span class='ocrx_word' id='word_1_20' title='bbox 279 984 346 1044; x_wconf 90' lang='lat' dir='ltr'>tate</span> <span class='ocrx_word' id='word_1_21' title='bbox 380 978 449 1061; x_wconf 89' lang='lat' dir='ltr'>illa,</span> <span class='ocrx_word' id='word_1_22' title='bbox 486 1002 573 1067; x_wconf 92' lang='lat' dir='ltr'>quae</span> <span class='ocrx_word' id='word_1_23' title='bbox 608 982 825 1067; x_wconf 88' lang='lat' dir='ltr'>optimatium</span> <span class='ocrx_word' id='word_1_24' title='bbox 858 983 997 1050; x_wconf 88' lang='lat' dir='ltr'>arbitrio</span> <span class='ocrx_word' id='word_1_25' title='bbox 1032 983 1233 1070; x_wconf 89' lang='lat' dir='ltr'>regebatur;</span> <span class='ocrx_word' id='word_1_26' title='bbox 1268 987 1322 1051; x_wconf 88' lang='lat' dir='ltr'>his</span> <span class='ocrx_word' id='word_1_27' title='bbox 1345 987 1443 1068; x_wconf 93' lang='lat' dir='ltr'>enim,</span> 
     </span>
     <span class='ocr_line' id='line_1_5' title="bbox 278 1095 1443 1185; baseline 0.009 -29"><span class='ocrx_word' id='word_1_28' title='bbox 278 1098 316 1157; x_wconf 92' lang='lat' dir='ltr'>ut</span> <span class='ocrx_word' id='word_1_29' title='bbox 338 1098 466 1158; x_wconf 89' lang='lat' dir='ltr'>statum</span> <span class='ocrx_word' id='word_1_30' title='bbox 488 1115 590 1159; x_wconf 89' lang='lat' dir='ltr'>suum</span> <span class='ocrx_word' id='word_1_31' title='bbox 614 1095 808 1174; x_wconf 78' lang='lat' dir='ltr'>retinerent,</span> <span class='ocrx_word' id='word_1_32' title='bbox 833 1118 895 1182; x_wconf 92' lang='lat' dir='ltr'>pro</span> <span class='ocrx_word' id='word_1_33' title='bbox 919 1097 1084 1180; x_wconf 79' lang='lat' dir='ltr'>dignitate</span> <span class='ocrx_word' id='word_1_34' title='bbox 1110 1098 1300 1165; x_wconf 80' lang='lat' dir='ltr'>vIveudum</span> <span class='ocrx_word' id='word_1_35' title='bbox 1319 1101 1443 1185; x_wconf 90' lang='lat' dir='ltr'>magni·</span> 
     </span>
     <span class='ocr_line' id='line_1_6' title="bbox 277 1205 1442 1300; baseline 0.008 -31"><span class='ocrx_word' id='word_1_36' title='bbox 277 1205 417 1292; x_wconf 89' lang='lat' dir='ltr'>ficisque</span> <span class='ocrx_word' id='word_1_37' title='bbox 453 1207 672 1292; x_wconf 82' lang='lat' dir='ltr'>apparatibus</span> <span class='ocrx_word' id='word_1_38' title='bbox 696 1208 854 1296; x_wconf 87' lang='lat' dir='ltr'>vitaeque</span> <span class='ocrx_word' id='word_1_39' title='bbox 878 1211 973 1276; x_wconf 87' lang='lat' dir='ltr'>cultu</span> <span class='ocrx_word' id='word_1_40' title='bbox 996 1233 1075 1278; x_wconf 88' lang='lat' dir='ltr'>oum</span> <span class='ocrx_word' id='word_1_41' title='bbox 1100 1211 1270 1297; x_wconf 84' lang='lat' dir='ltr'>elegantia</span> <span class='ocrx_word' id='word_1_42' title='bbox 1294 1221 1328 1279; x_wconf 91' lang='lat' dir='ltr'>et</span> <span class='ocrx_word' id='word_1_43' title='bbox 1350 1215 1442 1300; x_wconf 86' lang='lat' dir='ltr'>copia</span> 
     </span>
     <span class='ocr_line' id='line_1_7' title="bbox 276 1319 1441 1413; baseline 0.009 -29"><span class='ocrx_word' id='word_1_44' title='bbox 276 1319 445 1384; x_wconf 92' lang='lat' dir='ltr'>utendum</span> <span class='ocrx_word' id='word_1_45' title='bbox 480 1325 561 1385; x_wconf 89' lang='lat' dir='ltr'>erat.</span> <span class='ocrx_word' id='word_1_46' title='bbox 607 1321 721 1399; x_wconf 74' lang='lat' dir='ltr'>Quare</span> <span class='ocrx_word' id='word_1_47' title='bbox 744 1323 939 1409; x_wconf 88' lang='lat' dir='ltr'>saepissime</span> <span class='ocrx_word' id='word_1_48' title='bbox 964 1325 1131 1391; x_wconf 87' lang='lat' dir='ltr'>eiusmodi</span> <span class='ocrx_word' id='word_1_49' title='bbox 1155 1326 1394 1412; x_wconf 80' lang='lat' dir='ltr'>largitionibus</span> <span class='ocrx_word' id='word_1_50' title='bbox 1417 1327 1441 1413; x_wconf 61' lang='grc' dir='ltr'>Β)</span> 
     </span>
     <span class='ocr_line' id='line_1_8' title="bbox 276 1430 1443 1526; baseline 0.008 -30"><span class='ocrx_word' id='word_1_51' title='bbox 276 1430 390 1498; x_wconf 92' lang='lat' dir='ltr'>Iocum</span> <span class='ocrx_word' id='word_1_52' title='bbox 413 1433 515 1500; x_wconf 87' lang='lat' dir='ltr'>luisse</span> <span class='ocrx_word' id='word_1_53' title='bbox 539 1433 636 1500; x_wconf 83' lang='lat' dir='ltr'>facile</span> <span class='ocrx_word' id='word_1_54' title='bbox 660 1434 892 1520; x_wconf 85' lang='lat' dir='ltr'>intellegimus</span> <span class='ocrx_word' id='word_1_55' title='bbox 912 1436 954 1504; x_wconf 93' lang='lat' dir='ltr'>ad</span> <span class='ocrx_word' id='word_1_56' title='bbox 975 1440 1220 1526; x_wconf 89' lang='lat' dir='ltr'>aucupandum</span> <span class='ocrx_word' id='word_1_57' title='bbox 1244 1442 1396 1508; x_wconf 89' lang='lat' dir='ltr'>favorem</span> <span class='ocrx_word' id='word_1_58' title='bbox 1409 1441 1443 1505; x_wconf 92' lang='lat' dir='ltr'>in</span> 
     </span>
     <span class='ocr_line' id='line_1_9' title="bbox 276 1545 1442 1644; baseline 0.008 -33"><span class='ocrx_word' id='word_1_59' title='bbox 276 1545 463 1644; x_wconf 89' lang='lat' dir='ltr'>honoribus</span> <span class='ocrx_word' id='word_1_60' title='bbox 497 1545 552 1626; x_wconf 92' lang='lat' dir='ltr'>vel</span> <span class='ocrx_word' id='word_1_61' title='bbox 586 1549 742 1635; x_wconf 85' lang='lat' dir='ltr'>petendis</span> <span class='ocrx_word' id='word_1_62' title='bbox 775 1548 830 1616; x_wconf 91' lang='lat' dir='ltr'>vel</span> <span class='ocrx_word' id='word_1_63' title='bbox 865 1553 1011 1638; x_wconf 87' lang='lat' dir='ltr'>acceptis</span> <span class='ocrx_word' id='word_1_64' title='bbox 1045 1561 1079 1618; x_wconf 84' lang='lat' dir='ltr'>et</span> <span class='ocrx_word' id='word_1_65' title='bbox 1102 1554 1143 1619; x_wconf 93' lang='lat' dir='ltr'>ad</span> <span class='ocrx_word' id='word_1_66' title='bbox 1169 1554 1442 1621; x_wconf 84' lang='lat' dir='ltr'>benevolentiam</span> 
     </span>
     <span class='ocr_line' id='line_1_10' title="bbox 276 1659 1444 1751; baseline 0.008 -26"><span class='ocrx_word' id='word_1_67' title='bbox 276 1659 526 1726; x_wconf 78' lang='lat' dir='ltr'>conciliandam</span> <span class='ocrx_word' id='word_1_68' title='bbox 555 1663 726 1748; x_wconf 88' lang='lat' dir='ltr'>potentiae</span> <span class='ocrx_word' id='word_1_69' title='bbox 751 1666 1000 1751; x_wconf 84' lang='lat' dir='ltr'>comparandae</span> <span class='ocrx_word' id='word_1_70' title='bbox 1025 1689 1135 1747; x_wconf 89' lang='lat' dir='ltr'>causa,</span> <span class='ocrx_word' id='word_1_71' title='bbox 1160 1669 1243 1733; x_wconf 89' lang='lat' dir='ltr'>item</span> <span class='ocrx_word' id='word_1_72' title='bbox 1267 1669 1304 1733; x_wconf 91' lang='lat' dir='ltr'>in</span> <span class='ocrx_word' id='word_1_73' title='bbox 1329 1670 1444 1734; x_wconf 90' lang='lat' dir='ltr'>trium·</span> 
     </span>
     <span class='ocr_line' id='line_1_11' title="bbox 276 1773 1441 1868; baseline 0.009 -31"><span class='ocrx_word' id='word_1_74' title='bbox 276 1773 353 1860; x_wconf 89' lang='lat' dir='ltr'>phis</span> <span class='ocrx_word' id='word_1_75' title='bbox 386 1776 602 1859; x_wconf 86' lang='lat' dir='ltr'>exornandis,</span> <span class='ocrx_word' id='word_1_76' title='bbox 638 1776 664 1864; x_wconf 76' lang='lat' dir='ltr'>l)</span> <span class='ocrx_word' id='word_1_77' title='bbox 694 1779 733 1843; x_wconf 92' lang='lat' dir='ltr'>iu</span> <span class='ocrx_word' id='word_1_78' title='bbox 769 1779 946 1846; x_wconf 87' lang='lat' dir='ltr'>funeribus</span> <span class='ocrx_word' id='word_1_79' title='bbox 970 1780 1189 1863; x_wconf 88' lang='lat' dir='ltr'>celebrandis,</span> <span class='ocrx_word' id='word_1_80' title='bbox 1215 1783 1241 1868; x_wconf 70' lang='lat'>4)</span> <span class='ocrx_word' id='word_1_81' title='bbox 1266 1783 1441 1848; x_wconf 80' lang='lat' dir='ltr'>similibus</span> 
     </span>
    </p>
   </div>
   <div class='ocr_carea' id='block_1_3' title="bbox 281 1956 473 1965">
    <p class='ocr_par' dir='ltr' id='par_1_3' title="bbox 281 1956 473 1965">
     <span class='ocr_line' id='line_1_12' title="bbox 281 1956 473 1965; baseline 0.005 -1"><span class='ocrx_word' id='word_1_82' title='bbox 281 1956 473 1965; x_wconf 80' lang='lat'><strong>——.-.—</strong></span> 
     </span>
    </p>
   </div>
   <div class='ocr_carea' id='block_1_4' title="bbox 272 2063 1444 2825">
    <p class='ocr_par' dir='ltr' id='par_1_4' title="bbox 273 2063 1444 2324">
     <span class='ocr_line' id='line_1_13' title="bbox 273 2063 1444 2143; baseline 0.002 -19"><span class='ocrx_word' id='word_1_83' title='bbox 273 2063 368 2141; x_wconf 77' lang='grc' dir='ltr'><em>δῆμον</em></span> <span class='ocrx_word' id='word_1_84' title='bbox 386 2069 534 2141; x_wconf 82' lang='grc' dir='ltr'><em>λαμπρῶς</em></span> <span class='ocrx_word' id='word_1_85' title='bbox 556 2069 697 2142; x_wconf 71' lang='lat' dir='ltr'>etat-eada,</span> <span class='ocrx_word' id='word_1_86' title='bbox 720 2069 760 2128; x_wconf 83' lang='grc' dir='ltr'>τά</span> <span class='ocrx_word' id='word_1_87' title='bbox 781 2089 816 2128; x_wconf 82' lang='grc' dir='ltr'>τε</span> <span class='ocrx_word' id='word_1_88' title='bbox 838 2067 948 2143; x_wconf 79' lang='grc' dir='ltr'><em>λουτρὰ</em></span> <span class='ocrx_word' id='word_1_89' title='bbox 959 2069 1008 2130; x_wconf 86' lang='grc' dir='ltr'>καὶ</span> <span class='ocrx_word' id='word_1_90' title='bbox 1018 2065 1116 2142; x_wconf 72' lang='grc' dir='ltr'>&lt;τό&gt;</span> <span class='ocrx_word' id='word_1_91' title='bbox 1128 2066 1222 2128; x_wconf 76' lang='grc' dir='ltr'><em>ἔλαιον</em></span> <span class='ocrx_word' id='word_1_92' title='bbox 1233 2079 1340 2143; x_wconf 86' lang='grc' dir='ltr'><em>προῖκα</em></span> <span class='ocrx_word' id='word_1_93' title='bbox 1352 2067 1444 2138; x_wconf 68' lang='grc' dir='ltr'><em>αὐτοῖς</em></span> 
     </span>
     <span class='ocr_line' id='line_1_14' title="bbox 274 2161 1444 2242; baseline 0 -28"><span class='ocrx_word' id='word_1_94' title='bbox 274 2161 456 2242; x_wconf 68' lang='grc' dir='ltr'>παρέσχεν,”</span> <span class='ocrx_word' id='word_1_95' title='bbox 474 2193 506 2202; x_wconf 93' lang='lat'>—-</span> <span class='ocrx_word' id='word_1_96' title='bbox 524 2165 573 2214; x_wconf 88' lang='lat' dir='ltr'>Cic.</span> <span class='ocrx_word' id='word_1_97' title='bbox 591 2166 626 2216; x_wconf 92' lang='lat' dir='ltr'>De</span> <span class='ocrx_word' id='word_1_98' title='bbox 644 2167 689 2214; x_wconf 87' lang='lat' dir='ltr'>Off.</span> <span class='ocrx_word' id='word_1_99' title='bbox 708 2166 741 2223; x_wconf 90' lang='lat'>11,</span> <span class='ocrx_word' id='word_1_100' title='bbox 762 2167 800 2224; x_wconf 83' lang='lat' dir='ltr'>ll,</span> <span class='ocrx_word' id='word_1_101' title='bbox 820 2167 866 2214; x_wconf 86' lang='lat'>58:</span> <span class='ocrx_word' id='word_1_102' title='bbox 886 2166 981 2230; x_wconf 83' lang='lat' dir='ltr'>„Oresti</span> <span class='ocrx_word' id='word_1_103' title='bbox 999 2182 1073 2230; x_wconf 89' lang='lat' dir='ltr'>nuper</span> <span class='ocrx_word' id='word_1_104' title='bbox 1090 2165 1187 2230; x_wconf 87' lang='lat' dir='ltr'>prandia</span> <span class='ocrx_word' id='word_1_105' title='bbox 1203 2165 1228 2214; x_wconf 90' lang='lat' dir='ltr'>iu</span> <span class='ocrx_word' id='word_1_106' title='bbox 1239 2167 1331 2214; x_wconf 90' lang='lat' dir='ltr'>semitis</span> <span class='ocrx_word' id='word_1_107' title='bbox 1340 2167 1444 2214; x_wconf 88' lang='lat' dir='ltr'>decumae</span> 
     </span>
     <span class='ocr_line' id='line_1_15' title="bbox 274 2260 714 2324; baseline 0.005 -16"><span class='ocrx_word' id='word_1_108' title='bbox 274 2260 369 2310; x_wconf 89' lang='lat' dir='ltr'>nomine</span> <span class='ocrx_word' id='word_1_109' title='bbox 386 2276 471 2324; x_wconf 90' lang='lat' dir='ltr'>magno</span> <span class='ocrx_word' id='word_1_110' title='bbox 489 2260 574 2309; x_wconf 92' lang='lat' dir='ltr'>honori</span> <span class='ocrx_word' id='word_1_111' title='bbox 592 2261 714 2310; x_wconf 87' lang='lat' dir='ltr'>luerunt.”</span> 
     </span>
    </p>

    <p class='ocr_par' dir='ltr' id='par_1_5' title="bbox 272 2343 1441 2573">
     <span class='ocr_line' id='line_1_16' title="bbox 310 2343 1441 2409; baseline -0.001 -18"><span class='ocrx_word' id='word_1_112' title='bbox 310 2343 327 2404; x_wconf 86' lang='lat'>¹)</span> <span class='ocrx_word' id='word_1_113' title='bbox 361 2343 410 2391; x_wconf 78' lang='lat' dir='ltr'>uio.</span> <span class='ocrx_word' id='word_1_114' title='bbox 437 2344 472 2392; x_wconf 92' lang='lat' dir='ltr'>De</span> <span class='ocrx_word' id='word_1_115' title='bbox 498 2344 722 2402; x_wconf 77' lang='lat' dir='ltr'>off.11,16,55:</span> <span class='ocrx_word' id='word_1_116' title='bbox 741 2344 862 2408; x_wconf 70' lang='lat' dir='ltr'>„Prodigi</span> <span class='ocrx_word' id='word_1_117' title='bbox 881 2345 921 2409; x_wconf 91' lang='lat' dir='ltr'>qui</span> <span class='ocrx_word' id='word_1_118' title='bbox 940 2344 1017 2408; x_wconf 89' lang='lat' dir='ltr'>epulis</span> <span class='ocrx_word' id='word_1_119' title='bbox 1035 2349 1058 2392; x_wconf 93' lang='lat' dir='ltr'>et</span> <span class='ocrx_word' id='word_1_120' title='bbox 1076 2343 1272 2393; x_wconf 82' lang='lat' dir='ltr'>viscerationibus</span> <span class='ocrx_word' id='word_1_121' title='bbox 1291 2349 1315 2393; x_wconf 88' lang='lat' dir='ltr'>et</span> <span class='ocrx_word' id='word_1_122' title='bbox 1331 2344 1441 2408; x_wconf 88' lang='lat' dir='ltr'>gladiato-</span> 
     </span>
     <span class='ocr_line' id='line_1_17' title="bbox 273 2426 1441 2492; baseline 0.001 -18"><span class='ocrx_word' id='word_1_123' title='bbox 273 2443 326 2475; x_wconf 90' lang='lat' dir='ltr'>rum</span> <span class='ocrx_word' id='word_1_124' title='bbox 352 2426 499 2485; x_wconf 88' lang='lat' dir='ltr'>maneribus,</span> <span class='ocrx_word' id='word_1_125' title='bbox 526 2427 637 2476; x_wconf 89' lang='lat' dir='ltr'>ludorum</span> <span class='ocrx_word' id='word_1_126' title='bbox 655 2428 853 2492; x_wconf 85' lang='lat' dir='ltr'>venationumque</span> <span class='ocrx_word' id='word_1_127' title='bbox 875 2437 988 2492; x_wconf 89' lang='lat' dir='ltr'>apparatu</span> <span class='ocrx_word' id='word_1_128' title='bbox 1005 2428 1116 2490; x_wconf 82' lang='lat' dir='ltr'>pecunias</span> <span class='ocrx_word' id='word_1_129' title='bbox 1134 2428 1284 2492; x_wconf 84' lang='lat' dir='ltr'>profundunt</span> <span class='ocrx_word' id='word_1_130' title='bbox 1301 2429 1327 2477; x_wconf 89' lang='lat' dir='ltr'>iu</span> <span class='ocrx_word' id='word_1_131' title='bbox 1346 2444 1383 2476; x_wconf 89' lang='lat' dir='ltr'>eas</span> <span class='ocrx_word' id='word_1_132' title='bbox 1400 2443 1441 2484; x_wconf 89' lang='lat' dir='ltr'>res,</span> 
     </span>
     <span class='ocr_line' id='line_1_18' title="bbox 272 2510 1199 2573; baseline 0.002 -16"><span class='ocrx_word' id='word_1_133' title='bbox 272 2525 372 2573; x_wconf 90' lang='lat' dir='ltr'>quarum</span> <span class='ocrx_word' id='word_1_134' title='bbox 391 2510 527 2558; x_wconf 89' lang='lat' dir='ltr'>memoriam</span> <span class='ocrx_word' id='word_1_135' title='bbox 545 2515 586 2559; x_wconf 90' lang='lat' dir='ltr'>aut</span> <span class='ocrx_word' id='word_1_136' title='bbox 602 2510 696 2559; x_wconf 89' lang='lat' dir='ltr'>brevem</span> <span class='ocrx_word' id='word_1_137' title='bbox 713 2517 754 2560; x_wconf 87' lang='lat' dir='ltr'>aut</span> <span class='ocrx_word' id='word_1_138' title='bbox 771 2511 864 2559; x_wconf 90' lang='lat' dir='ltr'>nullam</span> <span class='ocrx_word' id='word_1_139' title='bbox 882 2511 980 2558; x_wconf 91' lang='lat' dir='ltr'>omuino</span> <span class='ocrx_word' id='word_1_140' title='bbox 998 2511 1047 2560; x_wconf 89' lang='lat' dir='ltr'>sint</span> <span class='ocrx_word' id='word_1_141' title='bbox 1064 2511 1199 2560; x_wconf 89' lang='lat' dir='ltr'>relicturi.’&#39;</span> 
     </span>
    </p>

    <p class='ocr_par' dir='ltr' id='par_1_6' title="bbox 273 2592 1441 2825">
     <span class='ocr_line' id='line_1_19' title="bbox 306 2592 1441 2658; baseline -0.001 -17"><span class='ocrx_word' id='word_1_142' title='bbox 306 2592 325 2654; x_wconf 73' lang='lat'>²)</span> <span class='ocrx_word' id='word_1_143' title='bbox 359 2593 396 2642; x_wconf 80' lang='lat' dir='ltr'>Ol.</span> <span class='ocrx_word' id='word_1_144' title='bbox 422 2609 474 2657; x_wconf 85' lang='lat' dir='ltr'>pag.</span> <span class='ocrx_word' id='word_1_145' title='bbox 502 2593 557 2641; x_wconf 93' lang='lat' dir='ltr'>18I.</span> <span class='ocrx_word' id='word_1_146' title='bbox 592 2593 755 2658; x_wconf 85' lang='lat' dir='ltr'>Contemptim</span> <span class='ocrx_word' id='word_1_147' title='bbox 781 2594 862 2642; x_wconf 83' lang='lat' dir='ltr'>Cicero</span> <span class='ocrx_word' id='word_1_148' title='bbox 888 2610 1013 2642; x_wconf 90' lang='lat' dir='ltr'>munerum</span> <span class='ocrx_word' id='word_1_149' title='bbox 1039 2595 1108 2642; x_wconf 91' lang='lat' dir='ltr'>istam</span> <span class='ocrx_word' id='word_1_150' title='bbox 1136 2594 1285 2658; x_wconf 83' lang='lat' dir='ltr'>largitionem</span> <span class='ocrx_word' id='word_1_151' title='bbox 1311 2594 1371 2642; x_wconf 86' lang='lat' dir='ltr'>dicit</span> <span class='ocrx_word' id='word_1_152' title='bbox 1396 2609 1441 2643; x_wconf 89' lang='lat' dir='ltr'>esse</span> 
     </span>
     <span class='ocr_line' id='line_1_20' title="bbox 274 2661 1441 2742; baseline 0 -18"><span class='ocrx_word' id='word_1_153' title='bbox 274 2677 463 2740; x_wconf 81' lang='lat' dir='ltr'>„adsentatorum</span> <span class='ocrx_word' id='word_1_154' title='bbox 486 2677 568 2742; x_wconf 89' lang='lat' dir='ltr'>populi</span> <span class='ocrx_word' id='word_1_155' title='bbox 597 2661 761 2726; x_wconf 85' lang='lat' dir='ltr'>multitudinis</span> <span class='ocrx_word' id='word_1_156' title='bbox 778 2677 897 2726; x_wconf 88' lang='lat' dir='ltr'>levitatem</span> <span class='ocrx_word' id='word_1_157' title='bbox 916 2677 1037 2740; x_wconf 85' lang='lat' dir='ltr'>voluptate</span> <span class='ocrx_word' id='word_1_158' title='bbox 1053 2678 1120 2741; x_wconf 89' lang='lat' dir='ltr'>quasi</span> <span class='ocrx_word' id='word_1_159' title='bbox 1138 2676 1316 2726; x_wconf 90' lang='lat' dir='ltr'>titillantium.&#39;&#39;</span> <span class='ocrx_word' id='word_1_160' title='bbox 1334 2679 1380 2738; x_wconf 87' lang='lat' dir='ltr'>(De</span> <span class='ocrx_word' id='word_1_161' title='bbox 1398 2677 1441 2724; x_wconf 83' lang='lat' dir='ltr'>ou.</span> 
     </span>
     <span class='ocr_line' id='line_1_21' title="bbox 273 2759 1441 2825; baseline 0 -18"><span class='ocrx_word' id='word_1_162' title='bbox 273 2759 306 2817; x_wconf 89' lang='grc' dir='ltr'>ΙΙ,</span> <span class='ocrx_word' id='word_1_163' title='bbox 333 2760 372 2819; x_wconf 90' lang='lat'>18,</span> <span class='ocrx_word' id='word_1_164' title='bbox 400 2761 441 2820; x_wconf 87' lang='grc'>63)</span> <span class='ocrx_word' id='word_1_165' title='bbox 466 2759 532 2808; x_wconf 90' lang='lat' dir='ltr'>Idem</span> <span class='ocrx_word' id='word_1_166' title='bbox 558 2763 636 2809; x_wconf 87' lang='lat' dir='ltr'>tamen</span> <span class='ocrx_word' id='word_1_167' title='bbox 662 2760 733 2824; x_wconf 91' lang='lat' dir='ltr'>paulo</span> <span class='ocrx_word' id='word_1_168' title='bbox 750 2766 803 2809; x_wconf 86' lang='lat' dir='ltr'>ante</span> <span class='ocrx_word' id='word_1_169' title='bbox 821 2761 870 2822; x_wconf 78' lang='lat'>(17,</span> <span class='ocrx_word' id='word_1_170' title='bbox 890 2762 945 2808; x_wconf 82' lang='lat' dir='ltr'>58t:</span> <span class='ocrx_word' id='word_1_171' title='bbox 965 2761 1082 2825; x_wconf 85' lang='lat' dir='ltr'>„Vitanda</span> <span class='ocrx_word' id='word_1_172' title='bbox 1098 2764 1176 2809; x_wconf 87' lang='lat' dir='ltr'>tamen</span> <span class='ocrx_word' id='word_1_173' title='bbox 1195 2761 1298 2824; x_wconf 89' lang='lat' dir='ltr'>suspicio</span> <span class='ocrx_word' id='word_1_174' title='bbox 1317 2765 1353 2808; x_wconf 92' lang='lat' dir='ltr'>est</span> <span class='ocrx_word' id='word_1_175' title='bbox 1369 2759 1441 2808; x_wconf 89' lang='lat' dir='ltr'>avari·</span> 
     </span>
    </p>
   </div>
   <div class='ocr_carea' id='block_1_5' title="bbox 272 2842 1538 2992">
    <p class='ocr_par' dir='ltr' id='par_1_7' title="bbox 272 2842 1538 2992">
     <span class='ocr_line' id='line_1_22' title="bbox 272 2842 1538 2928; baseline -0.001 -37"><span class='ocrx_word' id='word_1_176' title='bbox 272 2843 318 2891; x_wconf 90' lang='lat' dir='ltr'>tiae</span> <span class='ocrx_word' id='word_1_177' title='bbox 336 2880 466 2892; x_wconf 90' lang='grc'>......</span> <span class='ocrx_word' id='word_1_178' title='bbox 502 2844 580 2908; x_wconf 74' lang='lat' dir='ltr'>Quare</span> <span class='ocrx_word' id='word_1_179' title='bbox 601 2847 631 2903; x_wconf 92' lang='lat' dir='ltr'>et,</span> <span class='ocrx_word' id='word_1_180' title='bbox 649 2844 668 2892; x_wconf 92' lang='lat' dir='ltr'>si</span> <span class='ocrx_word' id='word_1_181' title='bbox 686 2844 820 2909; x_wconf 89' lang='lat' dir='ltr'>postulatur</span> <span class='ocrx_word' id='word_1_182' title='bbox 837 2861 850 2892; x_wconf 91' lang='lat' dir='ltr'>a</span> <span class='ocrx_word' id='word_1_183' title='bbox 867 2844 962 2908; x_wconf 89' lang='lat' dir='ltr'>populo,</span> <span class='ocrx_word' id='word_1_184' title='bbox 981 2844 1049 2892; x_wconf 91' lang='lat' dir='ltr'>bonis</span> <span class='ocrx_word' id='word_1_185' title='bbox 1068 2845 1126 2892; x_wconf 88' lang='lat' dir='ltr'>viris</span> <span class='ocrx_word' id='word_1_186' title='bbox 1144 2843 1164 2892; x_wconf 94' lang='lat' dir='ltr'>si</span> <span class='ocrx_word' id='word_1_187' title='bbox 1182 2859 1229 2892; x_wconf 91' lang='lat' dir='ltr'>non</span> <span class='ocrx_word' id='word_1_188' title='bbox 1247 2842 1442 2900; x_wconf 87' lang='lat' dir='ltr'>desiderantibus,</span> <span class='ocrx_word' id='word_1_189' title='bbox 1537 2899 1538 2928; x_wconf 30' lang='lat' dir='ltr'>i</span> 
     </span>
     <span class='ocr_line' id='line_1_23' title="bbox 272 2927 1538 2992; baseline -0.002 -17"><span class='ocrx_word' id='word_1_190' title='bbox 272 2930 296 2975; x_wconf 88' lang='lat' dir='ltr'>at</span> <span class='ocrx_word' id='word_1_191' title='bbox 321 2931 399 2976; x_wconf 88' lang='lat' dir='ltr'>tamen</span> <span class='ocrx_word' id='word_1_192' title='bbox 416 2927 610 2992; x_wconf 82' lang='lat' dir='ltr'>adprobantibus</span> <span class='ocrx_word' id='word_1_193' title='bbox 627 2928 764 2976; x_wconf 83' lang='lat' dir='ltr'>faciundum</span> <span class='ocrx_word' id='word_1_194' title='bbox 782 2934 823 2987; x_wconf 85' lang='lat' dir='ltr'>est,</span> <span class='ocrx_word' id='word_1_195' title='bbox 842 2929 910 2978; x_wconf 90' lang='lat' dir='ltr'>modo</span> <span class='ocrx_word' id='word_1_196' title='bbox 928 2944 970 2992; x_wconf 90' lang='lat' dir='ltr'>pro</span> <span class='ocrx_word' id='word_1_197' title='bbox 988 2927 1149 2984; x_wconf 83' lang='lat' dir='ltr'>facultatibus,</span> <span class='ocrx_word' id='word_1_198' title='bbox 1166 2943 1210 2976; x_wconf 93' lang='lat' dir='ltr'>nos</span> <span class='ocrx_word' id='word_1_199' title='bbox 1228 2927 1274 2991; x_wconf 89' lang='lat' dir='ltr'>ipsi</span> <span class='ocrx_word' id='word_1_200' title='bbox 1293 2931 1319 2975; x_wconf 91' lang='lat' dir='ltr'>ut</span> <span class='ocrx_word' id='word_1_201' title='bbox 1337 2927 1441 2982; x_wconf 87' lang='lat' dir='ltr'>lecimus,</span> <span class='ocrx_word' id='word_1_202' title='bbox 1537 2929 1538 2934; x_wconf 78' lang='grc'>’</span> 
     </span>
    </p>
   </div>
   <div class='ocr_carea' id='block_1_6' title="bbox 272 3010 1442 3326">
    <p class='ocr_par' dir='ltr' id='par_1_8' title="bbox 272 3010 1442 3326">
     <span class='ocr_line' id='line_1_24' title="bbox 273 3010 1441 3076; baseline -0.003 -18"><span class='ocrx_word' id='word_1_203' title='bbox 273 3014 296 3059; x_wconf 91' lang='lat' dir='ltr'>et</span> <span class='ocrx_word' id='word_1_204' title='bbox 313 3011 333 3059; x_wconf 89' lang='lat' dir='ltr'>si</span> <span class='ocrx_word' id='word_1_205' title='bbox 351 3011 446 3075; x_wconf 87' lang='lat' dir='ltr'>quando</span> <span class='ocrx_word' id='word_1_206' title='bbox 463 3012 543 3076; x_wconf 89' lang='lat' dir='ltr'>aliqua</span> <span class='ocrx_word' id='word_1_207' title='bbox 560 3028 596 3061; x_wconf 84' lang='lat' dir='ltr'>res</span> <span class='ocrx_word' id='word_1_208' title='bbox 612 3012 688 3060; x_wconf 88' lang='lat' dir='ltr'>maior</span> <span class='ocrx_word' id='word_1_209' title='bbox 705 3017 774 3075; x_wconf 90' lang='lat' dir='ltr'>atque</span> <span class='ocrx_word' id='word_1_210' title='bbox 793 3012 875 3060; x_wconf 91' lang='lat' dir='ltr'>utilior</span> <span class='ocrx_word' id='word_1_211' title='bbox 892 3011 1001 3075; x_wconf 86' lang='lat' dir='ltr'>populari</span> <span class='ocrx_word' id='word_1_212' title='bbox 1020 3011 1146 3074; x_wconf 84' lang='lat' dir='ltr'>largitione</span> <span class='ocrx_word' id='word_1_213' title='bbox 1162 3010 1320 3074; x_wconf 87' lang='lat' dir='ltr'>adquiritur.’&#39;</span> <span class='ocrx_word' id='word_1_214' title='bbox 1356 3011 1387 3059; x_wconf 83' lang='lat' dir='ltr'>Et</span> <span class='ocrx_word' id='word_1_215' title='bbox 1399 3010 1441 3058; x_wconf 91' lang='lat' dir='ltr'>Pro</span> 
     </span>
     <span class='ocr_line' id='line_1_25' title="bbox 273 3092 1442 3159; baseline -0.001 -19"><span class='ocrx_word' id='word_1_216' title='bbox 273 3093 336 3142; x_wconf 92' lang='lat' dir='ltr'>Mur.</span> <span class='ocrx_word' id='word_1_217' title='bbox 364 3095 403 3152; x_wconf 85' lang='grc'>36,</span> <span class='ocrx_word' id='word_1_218' title='bbox 430 3095 477 3146; x_wconf 79' lang='lat'>17:</span> <span class='ocrx_word' id='word_1_219' title='bbox 498 3095 591 3159; x_wconf 71' lang='lat' dir='ltr'>„Quare</span> <span class='ocrx_word' id='word_1_220' title='bbox 609 3112 651 3143; x_wconf 90' lang='lat' dir='ltr'>nec</span> <span class='ocrx_word' id='word_1_221' title='bbox 668 3095 732 3159; x_wconf 88' lang='lat' dir='ltr'>plebi</span> <span class='ocrx_word' id='word_1_222' title='bbox 749 3096 866 3144; x_wconf 88' lang='lat' dir='ltr'>Romanae</span> <span class='ocrx_word' id='word_1_223' title='bbox 883 3095 998 3159; x_wconf 87' lang='lat' dir='ltr'>eripiendi</span> <span class='ocrx_word' id='word_1_224' title='bbox 1016 3095 1107 3143; x_wconf 80' lang='lat' dir='ltr'>fructus</span> <span class='ocrx_word' id='word_1_225' title='bbox 1125 3095 1166 3142; x_wconf 90' lang='lat' dir='ltr'>isti</span> <span class='ocrx_word' id='word_1_226' title='bbox 1184 3097 1240 3142; x_wconf 88' lang='lat' dir='ltr'>suut</span> <span class='ocrx_word' id='word_1_227' title='bbox 1258 3093 1378 3150; x_wconf 90' lang='lat' dir='ltr'>ludorum,</span> <span class='ocrx_word' id='word_1_228' title='bbox 1395 3092 1442 3156; x_wconf 84' lang='lat' dir='ltr'>gla-</span> 
     </span>
     <span class='ocr_line' id='line_1_26' title="bbox 273 3176 1442 3242; baseline -0.002 -18"><span class='ocrx_word' id='word_1_229' title='bbox 273 3177 398 3234; x_wconf 86' lang='lat' dir='ltr'>diatorum,</span> <span class='ocrx_word' id='word_1_230' title='bbox 424 3178 595 3237; x_wconf 88' lang='lat' dir='ltr'>conviviorum,</span> <span class='ocrx_word' id='word_1_231' title='bbox 621 3195 680 3242; x_wconf 91' lang='lat' dir='ltr'>quae</span> <span class='ocrx_word' id='word_1_232' title='bbox 705 3179 785 3227; x_wconf 90' lang='lat' dir='ltr'>omnia</span> <span class='ocrx_word' id='word_1_233' title='bbox 810 3179 909 3226; x_wconf 87' lang='lat' dir='ltr'>maiores</span> <span class='ocrx_word' id='word_1_234' title='bbox 935 3178 1009 3226; x_wconf 89' lang='lat' dir='ltr'>nostri</span> <span class='ocrx_word' id='word_1_235' title='bbox 1035 3181 1236 3241; x_wconf 89' lang='lat' dir='ltr'>comparaverunt,</span> <span class='ocrx_word' id='word_1_236' title='bbox 1255 3193 1298 3224; x_wconf 90' lang='lat' dir='ltr'>nec</span> <span class='ocrx_word' id='word_1_237' title='bbox 1314 3176 1442 3225; x_wconf 87' lang='lat' dir='ltr'>candidatis</span> 
     </span>
     <span class='ocr_line' id='line_1_27' title="bbox 272 3257 1441 3326; baseline -0.001 -18"><span class='ocrx_word' id='word_1_238' title='bbox 272 3260 317 3308; x_wconf 85' lang='lat' dir='ltr'>isla</span> <span class='ocrx_word' id='word_1_239' title='bbox 342 3260 475 3324; x_wconf 81' lang='lat' dir='ltr'>benignitas</span> <span class='ocrx_word' id='word_1_240' title='bbox 493 3262 619 3310; x_wconf 86' lang='lat' dir='ltr'>adimenda</span> <span class='ocrx_word' id='word_1_241' title='bbox 636 3267 677 3320; x_wconf 88' lang='lat' dir='ltr'>est,</span> <span class='ocrx_word' id='word_1_242' title='bbox 695 3278 754 3326; x_wconf 89' lang='lat' dir='ltr'>qnae</span> <span class='ocrx_word' id='word_1_243' title='bbox 771 3261 936 3310; x_wconf 87' lang='lat' dir='ltr'>liberalitatem</span> <span class='ocrx_word' id='word_1_244' title='bbox 954 3261 1029 3324; x_wconf 87' lang='lat' dir='ltr'>magis</span> <span class='ocrx_word' id='word_1_245' title='bbox 1045 3261 1163 3324; x_wconf 85' lang='lat' dir='ltr'>significat</span> <span class='ocrx_word' id='word_1_246' title='bbox 1180 3276 1249 3324; x_wconf 91' lang='lat' dir='ltr'>quam</span> <span class='ocrx_word' id='word_1_247' title='bbox 1268 3257 1441 3322; x_wconf 87' lang='lat' dir='ltr'>largitionem.&#39;’</span> 
     </span>
    </p>
   </div>
   <div class='ocr_carea' id='block_1_7' title="bbox 306 3341 1438 3423">
    <p class='ocr_par' dir='ltr' id='par_1_9' title="bbox 306 3341 1438 3423">
     <span class='ocr_line' id='line_1_28' title="bbox 306 3341 1438 3423; baseline 0.007 -33"><span class='ocrx_word' id='word_1_248' title='bbox 306 3343 326 3402; x_wconf 79' lang='lat'>³)</span> <span class='ocrx_word' id='word_1_249' title='bbox 360 3343 446 3391; x_wconf 85' lang='lat' dir='ltr'>Athen.</span> <span class='ocrx_word' id='word_1_250' title='bbox 475 3342 503 3400; x_wconf 89' lang='lat' dir='ltr'>V,</span> <span class='ocrx_word' id='word_1_251' title='bbox 531 3345 561 3392; x_wconf 86' lang='grc'>65</span> <span class='ocrx_word' id='word_1_252' title='bbox 589 3350 649 3408; x_wconf 85' lang='lat' dir='ltr'>(pag.</span> <span class='ocrx_word' id='word_1_253' title='bbox 677 3341 749 3406; x_wconf 63' lang='lat'>2211)</span> <span class='ocrx_word' id='word_1_254' title='bbox 777 3348 829 3408; x_wconf 61' lang='lat' dir='ltr'>[Ed.</span> <span class='ocrx_word' id='word_1_255' title='bbox 848 3346 957 3406; x_wconf 85' lang='lat' dir='ltr'>Xaibel):</span> <span class='ocrx_word' id='word_1_256' title='bbox 979 3341 1025 3412; x_wconf 66' lang='lat' dir='ltr'>niv</span> <span class='ocrx_word' id='word_1_257' title='bbox 1045 3353 1088 3423; x_wconf 65' lang='grc' dir='ltr'>τῷ</span> <span class='ocrx_word' id='word_1_258' title='bbox 1110 3342 1438 3420; x_wconf 68' lang='grc' dir='ltr'><em>ποῦἩρακλεόυςείρῴ,</em></span> 
     </span>
    </p>
   </div>
   <div class='ocr_carea' id='block_1_8' title="bbox 271 3439 1441 4379">
    <p class='ocr_par' dir='ltr' id='par_1_10' title="bbox 272 3439 1441 3879">
     <span class='ocr_line' id='line_1_29' title="bbox 273 3439 1441 3524; baseline 0.004 -22"><span class='ocrx_word' id='word_1_259' title='bbox 273 3439 302 3502; x_wconf 82' lang='grc' dir='ltr'>ἓν</span> <span class='ocrx_word' id='word_1_260' title='bbox 322 3439 343 3524; x_wconf 83' lang='grc' dir='ltr'>ᾧ</span> <span class='ocrx_word' id='word_1_261' title='bbox 362 3446 385 3502; x_wconf 88' lang='grc' dir='ltr'>οἱ</span> <span class='ocrx_word' id='word_1_262' title='bbox 405 3440 473 3511; x_wconf 71' lang='grc' dir='ltr'><em>τοὺς</em></span> <span class='ocrx_word' id='word_1_263' title='bbox 493 3442 665 3520; x_wconf 65' lang='grc' dir='ltr'><em>θριάμβους</em></span> <span class='ocrx_word' id='word_1_264' title='bbox 685 3447 875 3522; x_wconf 74' lang='grc' dir='ltr'><em>κατάγοντες</em></span> <span class='ocrx_word' id='word_1_265' title='bbox 895 3465 1063 3523; x_wconf 69' lang='grc' dir='ltr'><em>στρατηγοὶ</em></span> <span class='ocrx_word' id='word_1_266' title='bbox 1077 3447 1195 3508; x_wconf 81' lang='grc' dir='ltr'><em>ἑστιῶσι</em></span> <span class='ocrx_word' id='word_1_267' title='bbox 1205 3444 1273 3515; x_wconf 74' lang='grc' dir='ltr'><em>τοὺς</em></span> <span class='ocrx_word' id='word_1_268' title='bbox 1284 3447 1441 3516; x_wconf 82' lang='grc' dir='ltr'><em>πολίτας.”</em></span> 
     </span>
     <span class='ocr_line' id='line_1_30' title="bbox 273 3539 1440 3616; baseline 0.005 -23"><span class='ocrx_word' id='word_1_269' title='bbox 273 3546 427 3607; x_wconf 81' lang='lat' dir='ltr'>Magnificum</span> <span class='ocrx_word' id='word_1_270' title='bbox 453 3547 587 3610; x_wconf 82' lang='lat' dir='ltr'>exemplum</span> <span class='ocrx_word' id='word_1_271' title='bbox 613 3549 707 3612; x_wconf 82' lang='lat' dir='ltr'>praebet</span> <span class='ocrx_word' id='word_1_272' title='bbox 732 3551 855 3607; x_wconf 88' lang='lat' dir='ltr'>Lucullus,</span> <span class='ocrx_word' id='word_1_273' title='bbox 882 3553 923 3616; x_wconf 93' lang='lat' dir='ltr'>qui</span> <span class='ocrx_word' id='word_1_274' title='bbox 950 3568 976 3600; x_wconf 82' lang='lat' dir='ltr'>er</span> <span class='ocrx_word' id='word_1_275' title='bbox 1002 3552 1059 3600; x_wconf 84' lang='lat' dir='ltr'>Asia</span> <span class='ocrx_word' id='word_1_276' title='bbox 1085 3552 1176 3600; x_wconf 91' lang='lat' dir='ltr'>rediens</span> <span class='ocrx_word' id='word_1_277' title='bbox 1205 3539 1277 3604; x_wconf 70' lang='grc' dir='ltr'><em>ιιτήν</em></span> <span class='ocrx_word' id='word_1_278' title='bbox 1299 3557 1332 3597; x_wconf 76' lang='grc' dir='ltr'>τε</span> <span class='ocrx_word' id='word_1_279' title='bbox 1356 3540 1440 3598; x_wconf 64' lang='grc' dir='ltr'><em>πόλιν</em></span> 
     </span>
     <span class='ocr_line' id='line_1_31' title="bbox 273 3629 1441 3710; baseline 0.003 -23"><span class='ocrx_word' id='word_1_280' title='bbox 273 3631 403 3688; x_wconf 84' lang='grc' dir='ltr'>εἱστίασε</span> <span class='ocrx_word' id='word_1_281' title='bbox 435 3635 582 3706; x_wconf 83' lang='grc' dir='ltr'><em>λαμπρῶς</em></span> <span class='ocrx_word' id='word_1_282' title='bbox 611 3631 660 3693; x_wconf 87' lang='grc' dir='ltr'>καὶ</span> <span class='ocrx_word' id='word_1_283' title='bbox 694 3630 750 3702; x_wconf 80' lang='grc' dir='ltr'>τὰς</span> <span class='ocrx_word' id='word_1_284' title='bbox 771 3634 944 3708; x_wconf 73' lang='grc' dir='ltr'><em>περιοικίδας</em></span> <span class='ocrx_word' id='word_1_285' title='bbox 964 3635 1080 3710; x_wconf 78' lang='grc' dir='ltr'><em>κώμας,</em></span> <span class='ocrx_word' id='word_1_286' title='bbox 1103 3629 1138 3702; x_wconf 73' lang='grc' dir='ltr'>ἅς</span> <span class='ocrx_word' id='word_1_287' title='bbox 1160 3631 1268 3703; x_wconf 72' lang='grc' dir='ltr'><em>οὐΐκους</em></span> <span class='ocrx_word' id='word_1_288' title='bbox 1288 3634 1441 3695; x_wconf 82' lang='grc' dir='ltr'><em>καλοῦσι.”</em></span> 
     </span>
     <span class='ocr_line' id='line_1_32' title="bbox 272 3725 1441 3796; baseline 0.002 -22"><span class='ocrx_word' id='word_1_289' title='bbox 272 3725 346 3787; x_wconf 86' lang='lat' dir='ltr'>(Plut.</span> <span class='ocrx_word' id='word_1_290' title='bbox 375 3727 431 3776; x_wconf 90' lang='lat' dir='ltr'>Luc.</span> <span class='ocrx_word' id='word_1_291' title='bbox 458 3727 500 3788; x_wconf 80' lang='lat'>37)</span> <span class='ocrx_word' id='word_1_292' title='bbox 528 3729 594 3776; x_wconf 87' lang='lat' dir='ltr'>Tunc</span> <span class='ocrx_word' id='word_1_293' title='bbox 620 3729 698 3793; x_wconf 88' lang='lat' dir='ltr'>ipsum</span> <span class='ocrx_word' id='word_1_294' title='bbox 724 3731 775 3779; x_wconf 90' lang='lat' dir='ltr'>vini</span> <span class='ocrx_word' id='word_1_295' title='bbox 794 3731 878 3794; x_wconf 86' lang='lat' dir='ltr'>„milia</span> <span class='ocrx_word' id='word_1_296' title='bbox 895 3732 958 3794; x_wconf 74' lang='lat' dir='ltr'>(illa)</span> <span class='ocrx_word' id='word_1_297' title='bbox 975 3733 1057 3780; x_wconf 88' lang='lat' dir='ltr'>cadum</span> <span class='ocrx_word' id='word_1_298' title='bbox 1076 3732 1224 3794; x_wconf 88' lang='lat' dir='ltr'>congiarium</span> <span class='ocrx_word' id='word_1_299' title='bbox 1241 3731 1325 3779; x_wconf 84' lang='lat' dir='ltr'>divisit</span> <span class='ocrx_word' id='word_1_300' title='bbox 1341 3731 1441 3796; x_wconf 86' lang='lat' dir='ltr'>amplius</span> 
     </span>
     <span class='ocr_line' id='line_1_33' title="bbox 272 3810 1308 3879; baseline 0.006 -22"><span class='ocrx_word' id='word_1_301' title='bbox 272 3810 392 3858; x_wconf 90' lang='lat' dir='ltr'>centum.”</span> <span class='ocrx_word' id='word_1_302' title='bbox 410 3810 455 3872; x_wconf 76' lang='lat' dir='ltr'>(cf.</span> <span class='ocrx_word' id='word_1_303' title='bbox 475 3828 525 3876; x_wconf 85' lang='lat' dir='ltr'>pag.</span> <span class='ocrx_word' id='word_1_304' title='bbox 546 3813 602 3873; x_wconf 84' lang='grc'>176)</span> <span class='ocrx_word' id='word_1_305' title='bbox 636 3813 671 3861; x_wconf 92' lang='lat' dir='ltr'>De</span> <span class='ocrx_word' id='word_1_306' title='bbox 689 3814 794 3862; x_wconf 82' lang='lat' dir='ltr'>Caesaris</span> <span class='ocrx_word' id='word_1_307' title='bbox 812 3815 940 3879; x_wconf 87' lang='lat' dir='ltr'>triumphis</span> <span class='ocrx_word' id='word_1_308' title='bbox 958 3816 1007 3863; x_wconf 84' lang='lat' dir='ltr'>dixi</span> <span class='ocrx_word' id='word_1_309' title='bbox 1026 3832 1092 3878; x_wconf 85' lang='lat' dir='ltr'>pagg.</span> <span class='ocrx_word' id='word_1_310' title='bbox 1112 3815 1158 3866; x_wconf 78' lang='lat' dir='ltr'>lto</span> <span class='ocrx_word' id='word_1_311' title='bbox 1178 3831 1233 3878; x_wconf 80' lang='lat' dir='ltr'>seq,</span> <span class='ocrx_word' id='word_1_312' title='bbox 1253 3814 1308 3863; x_wconf 88' lang='grc'>188.</span> 
     </span>
    </p>

    <p class='ocr_par' dir='ltr' id='par_1_11' title="bbox 271 3894 1440 4379">
     <span class='ocr_line' id='line_1_34' title="bbox 306 3894 1440 3962; baseline 0.003 -19"><span class='ocrx_word' id='word_1_313' title='bbox 306 3896 325 3954; x_wconf 84' lang='lat'>⁴)</span> <span class='ocrx_word' id='word_1_314' title='bbox 357 3895 410 3943; x_wconf 84' lang='lat' dir='ltr'>Liv.</span> <span class='ocrx_word' id='word_1_315' title='bbox 438 3894 505 3954; x_wconf 90' lang='lat' dir='ltr'>VIII,</span> <span class='ocrx_word' id='word_1_316' title='bbox 523 3897 563 3954; x_wconf 83' lang='lat'>22,</span> <span class='ocrx_word' id='word_1_317' title='bbox 581 3897 612 3944; x_wconf 77' lang='lat'>2:</span> <span class='ocrx_word' id='word_1_318' title='bbox 631 3897 738 3962; x_wconf 80' lang='lat' dir='ltr'>„Populo</span> <span class='ocrx_word' id='word_1_319' title='bbox 757 3899 879 3946; x_wconf 86' lang='lat' dir='ltr'>visceratio</span> <span class='ocrx_word' id='word_1_320' title='bbox 896 3899 949 3946; x_wconf 91' lang='lat' dir='ltr'>data</span> <span class='ocrx_word' id='word_1_321' title='bbox 966 3915 979 3946; x_wconf 90' lang='lat' dir='ltr'>a</span> <span class='ocrx_word' id='word_1_322' title='bbox 996 3898 1031 3946; x_wconf 89' lang='lat' dir='ltr'>M.</span> <span class='ocrx_word' id='word_1_323' title='bbox 1049 3899 1131 3946; x_wconf 87' lang='lat' dir='ltr'>Flavio</span> <span class='ocrx_word' id='word_1_324' title='bbox 1149 3899 1174 3956; x_wconf 81' lang='lat' dir='ltr'>in</span> <span class='ocrx_word' id='word_1_325' title='bbox 1193 3898 1275 3946; x_wconf 85' lang='lat' dir='ltr'>sunere</span> <span class='ocrx_word' id='word_1_326' title='bbox 1293 3898 1440 3946; x_wconf 87' lang='lat' dir='ltr'>matris.’&#39;—-</span> 
     </span>
     <span class='ocr_line' id='line_1_35' title="bbox 272 3977 1440 4045; baseline 0.001 -20"><span class='ocrx_word' id='word_1_327' title='bbox 272 3977 381 4036; x_wconf 86' lang='lat' dir='ltr'>XXXIX,</span> <span class='ocrx_word' id='word_1_328' title='bbox 408 3979 448 4036; x_wconf 76' lang='lat'>46,</span> <span class='ocrx_word' id='word_1_329' title='bbox 476 3979 490 4026; x_wconf 82' lang='lat'>2</span> <span class='ocrx_word' id='word_1_330' title='bbox 508 3996 571 4044; x_wconf 83' lang='lat' dir='ltr'>seq:</span> <span class='ocrx_word' id='word_1_331' title='bbox 591 3981 634 4045; x_wconf 74' lang='lat' dir='ltr'>„R</span> <span class='ocrx_word' id='word_1_332' title='bbox 652 3981 730 4029; x_wconf 91' lang='lat' dir='ltr'>Licini</span> <span class='ocrx_word' id='word_1_333' title='bbox 749 3982 837 4030; x_wconf 87' lang='lat' dir='ltr'>lunaris</span> <span class='ocrx_word' id='word_1_334' title='bbox 855 3997 923 4030; x_wconf 89' lang='lat' dir='ltr'>causa</span> <span class='ocrx_word' id='word_1_335' title='bbox 942 3982 1064 4030; x_wconf 89' lang='lat' dir='ltr'>visceratio</span> <span class='ocrx_word' id='word_1_336' title='bbox 1082 3983 1135 4030; x_wconf 88' lang='lat' dir='ltr'>data</span> <span class='ocrx_word' id='word_1_337' title='bbox 1152 3987 1174 4030; x_wconf 89' lang='lat' dir='ltr'>et</span> <span class='ocrx_word' id='word_1_338' title='bbox 1190 3981 1330 4044; x_wconf 82' lang='lat' dir='ltr'>gladiatores</span> <span class='ocrx_word' id='word_1_339' title='bbox 1348 3984 1440 4030; x_wconf 88' lang='lat' dir='ltr'>centnm</span> 
     </span>
     <span class='ocr_line' id='line_1_36' title="bbox 273 4060 1440 4129; baseline 0.003 -22"><span class='ocrx_word' id='word_1_340' title='bbox 273 4060 357 4122; x_wconf 84' lang='lat' dir='ltr'>viginti</span> <span class='ocrx_word' id='word_1_341' title='bbox 383 4068 519 4126; x_wconf 87' lang='lat' dir='ltr'>pugnarunt</span> <span class='ocrx_word' id='word_1_342' title='bbox 544 4069 566 4112; x_wconf 89' lang='lat' dir='ltr'>et</span> <span class='ocrx_word' id='word_1_343' title='bbox 592 4064 643 4113; x_wconf 88' lang='lat' dir='ltr'>ludi</span> <span class='ocrx_word' id='word_1_344' title='bbox 673 4065 782 4113; x_wconf 84' lang='lat' dir='ltr'>lunebres</span> <span class='ocrx_word' id='word_1_345' title='bbox 808 4065 972 4129; x_wconf 90' lang='lat' dir='ltr'>pertriduum</span> <span class='ocrx_word' id='word_1_346' title='bbox 991 4065 1054 4122; x_wconf 88' lang='lat' dir='ltr'>facti,</span> <span class='ocrx_word' id='word_1_347' title='bbox 1073 4069 1124 4129; x_wconf 85' lang='lat' dir='ltr'>post</span> <span class='ocrx_word' id='word_1_348' title='bbox 1142 4064 1209 4112; x_wconf 87' lang='lat' dir='ltr'>ludos</span> <span class='ocrx_word' id='word_1_349' title='bbox 1227 4064 1334 4128; x_wconf 86' lang='lat' dir='ltr'>epulum.</span> <span class='ocrx_word' id='word_1_350' title='bbox 1353 4065 1440 4125; x_wconf 91' lang='lat' dir='ltr'>inquo</span> 
     </span>
     <span class='ocr_line' id='line_1_37' title="bbox 272 4146 1439 4212; baseline 0.001 -21"><span class='ocrx_word' id='word_1_351' title='bbox 272 4159 326 4192; x_wconf 87' lang='lat' dir='ltr'>aum</span> <span class='ocrx_word' id='word_1_352' title='bbox 352 4148 401 4192; x_wconf 91' lang='lat' dir='ltr'>toto</span> <span class='ocrx_word' id='word_1_353' title='bbox 427 4146 476 4193; x_wconf 88' lang='lat' dir='ltr'>loro</span> <span class='ocrx_word' id='word_1_354' title='bbox 502 4146 606 4196; x_wconf 90' lang='lat' dir='ltr'>triclinia</span> <span class='ocrx_word' id='word_1_355' title='bbox 633 4153 703 4196; x_wconf 90' lang='lat' dir='ltr'>strata</span> <span class='ocrx_word' id='word_1_356' title='bbox 729 4153 805 4197; x_wconf 87' lang='lat' dir='ltr'>essent</span> <span class='ocrx_word' id='word_1_357' title='bbox 832 4165 852 4196; x_wconf 90' lang='lat' dir='ltr'>e.</span> <span class='ocrx_word' id='word_1_358' title='bbox 871 4165 893 4212; x_wconf 93' lang='lat' dir='ltr'>q.</span> <span class='ocrx_word' id='word_1_359' title='bbox 912 4149 948 4196; x_wconf 89' lang='lat' dir='ltr'>s.”</span> <span class='ocrx_word' id='word_1_360' title='bbox 967 4177 997 4184; x_wconf 88' lang='lat'>-</span> <span class='ocrx_word' id='word_1_361' title='bbox 1016 4149 1125 4206; x_wconf 94' lang='lat' dir='ltr'>XXXXI,</span> <span class='ocrx_word' id='word_1_362' title='bbox 1143 4148 1181 4206; x_wconf 81' lang='lat'>28,</span> <span class='ocrx_word' id='word_1_363' title='bbox 1201 4148 1240 4202; x_wconf 91' lang='lat'>10,</span> <span class='ocrx_word' id='word_1_364' title='bbox 1261 4147 1307 4196; x_wconf 90' lang='lat' dir='ltr'>ll:</span> <span class='ocrx_word' id='word_1_365' title='bbox 1326 4148 1439 4211; x_wconf 81' lang='lat' dir='ltr'>„Munera</span> 
     </span>
     <span class='ocr_line' id='line_1_38' title="bbox 271 4226 1439 4295; baseline 0.001 -21"><span class='ocrx_word' id='word_1_366' title='bbox 271 4226 428 4290; x_wconf 84' lang='lat' dir='ltr'>gladiatorum</span> <span class='ocrx_word' id='word_1_367' title='bbox 454 4245 480 4276; x_wconf 92' lang='lat' dir='ltr'>eo</span> <span class='ocrx_word' id='word_1_368' title='bbox 506 4245 567 4278; x_wconf 91' lang='lat' dir='ltr'>anno</span> <span class='ocrx_word' id='word_1_369' title='bbox 593 4230 691 4294; x_wconf 86' lang='lat' dir='ltr'>aliquot,</span> <span class='ocrx_word' id='word_1_370' title='bbox 718 4248 790 4295; x_wconf 88' lang='lat' dir='ltr'>parva</span> <span class='ocrx_word' id='word_1_371' title='bbox 815 4231 862 4280; x_wconf 89' lang='lat' dir='ltr'>alia</span> <span class='ocrx_word' id='word_1_372' title='bbox 887 4233 955 4289; x_wconf 86' lang='lat' dir='ltr'>data;</span> <span class='ocrx_word' id='word_1_373' title='bbox 981 4248 1055 4279; x_wconf 90' lang='lat' dir='ltr'>unum</span> <span class='ocrx_word' id='word_1_374' title='bbox 1077 4236 1131 4280; x_wconf 90' lang='lat' dir='ltr'>ante</span> <span class='ocrx_word' id='word_1_375' title='bbox 1148 4236 1222 4279; x_wconf 85' lang='lat' dir='ltr'>cetera</span> <span class='ocrx_word' id='word_1_376' title='bbox 1239 4232 1332 4293; x_wconf 89' lang='lat' dir='ltr'>insigne</span> <span class='ocrx_word' id='word_1_377' title='bbox 1350 4231 1397 4278; x_wconf 87' lang='lat' dir='ltr'>luit</span> <span class='ocrx_word' id='word_1_378' title='bbox 1413 4228 1439 4275; x_wconf 85' lang='grc' dir='ltr'>Τ.</span> 
     </span>
     <span class='ocr_line' id='line_1_39' title="bbox 271 4310 1438 4379; baseline -0.002 -19"><span class='ocrx_word' id='word_1_379' title='bbox 271 4312 411 4378; x_wconf 82' lang='lat' dir='ltr'>Flaminini,</span> <span class='ocrx_word' id='word_1_380' title='bbox 428 4315 491 4377; x_wconf 86' lang='lat' dir='ltr'>qaod</span> <span class='ocrx_word' id='word_1_381' title='bbox 507 4315 590 4364; x_wconf 89' lang='lat' dir='ltr'>mortis</span> <span class='ocrx_word' id='word_1_382' title='bbox 608 4331 677 4364; x_wconf 87' lang='lat' dir='ltr'>causa</span> <span class='ocrx_word' id='word_1_383' title='bbox 693 4314 766 4379; x_wconf 87' lang='lat' dir='ltr'>patris</span> <span class='ocrx_word' id='word_1_384' title='bbox 784 4315 821 4363; x_wconf 90' lang='lat' dir='ltr'>sui</span> <span class='ocrx_word' id='word_1_385' title='bbox 839 4331 893 4362; x_wconf 92' lang='lat' dir='ltr'>cum</span> <span class='ocrx_word' id='word_1_386' title='bbox 912 4315 1064 4364; x_wconf 88' lang='lat' dir='ltr'>visceratione</span> <span class='ocrx_word' id='word_1_387' title='bbox 1081 4314 1197 4379; x_wconf 87' lang='lat' dir='ltr'>epuloque</span> <span class='ocrx_word' id='word_1_388' title='bbox 1213 4318 1236 4363; x_wconf 90' lang='lat' dir='ltr'>et</span> <span class='ocrx_word' id='word_1_389' title='bbox 1254 4313 1318 4362; x_wconf 89' lang='lat' dir='ltr'>ludis</span> <span class='ocrx_word' id='word_1_390' title='bbox 1330 4310 1438 4362; x_wconf 86' lang='lat' dir='ltr'>scaenicis</span> 
     </span>
    </p>
   </div>
   <div class='ocr_carea' id='block_1_9' title="bbox 0 0 1546 5128">
    <p class='ocr_par' dir='ltr' id='par_1_12' title="bbox 0 0 1546 5128">
     <span class='ocr_line' id='line_1_40' title="bbox 0 0 1546 5128; baseline 0 1"><span class='ocrx_word' id='word_1_391' title='bbox 0 0 1546 5128; x_wconf 95' lang='lat' dir='ltr'> </span> 
     </span>
    </p>
   </div>
  </div>
 </body>
</html>
