3122 5130
641 544 683 607 15

116 718 168 784 Ita
191 719 263 784 iam
275 719 494 806 perspicuum
506 718 569 783 erit
580 721 806 787 humiliorum
817 719 1000 786 hominum
1012 725 1145 798 sertem,
1159 714 1239 781 civi·

75 852 133 895 nm
155 837 256 912 certe,
276 831 407 897 Romae
420 831 607 898 admodum
619 835 720 900 fuisse
733 832 955 899 tolerabilem.
991 831 1106 896 Etiam
1118 829 1182 894 hoc
1194 835 1240 894 te-

74 943 227 1009 nendum
251 951 301 1010 est
321 944 371 1009 ibi
394 945 524 1011 civium
547 947 682 1013 ordines
704 947 794 1012 inter
812 946 903 1032 ipsos
914 945 1054 1031 propius
1066 941 1239 1008 accessisse

77 1077 178 1142 quam
196 1058 235 1122 in
259 1057 457 1124 civitatibus
470 1080 557 1145 quae
570 1082 663 1126 nunc
676 1066 765 1126 sunt.
790 1059 901 1124 Causa
913 1057 1097 1143 repetenda
1109 1078 1128 1120 a
1141 1053 1242 1122 servi·

74 1169 136 1234 tiis.
187 1169 254 1235 llla
281 1171 384 1252 enim,
414 1173 572 1257 quamvis
594 1173 784 1239 multorum
807 1171 979 1236 malorum
1002 1169 1096 1254 origo
1122 1174 1241 1249 essent,

78 1289 114 1346 ut
142 1283 193 1348 ita
228 1283 342 1348 dicam
375 1285 464 1350 inter
494 1307 527 1350 se
551 1285 779 1352 conciliabant
802 1285 948 1364 cives,
973 1282 1095 1349 divites
1118 1302 1244 1368 paupe·

80 1417 206 1482 resque,
232 1403 266 1462 et
289 1395 437 1462 naturali
461 1398 610 1484 quadam
627 1399 783 1464 societate
796 1395 1059 1480 coniungebant.
1085 1396 1244 1461 Ceterum

80 1531 147 1574 non
179 1509 524 1595 praetermittendum
557 1512 594 1576 in
626 1513 723 1578 terris
746 1511 790 1577 ad
813 1509 992 1576 meridiem
1015 1509 1246 1596 spectantibus

84 1621 238 1688 homines
261 1623 478 1709 paucioribus
500 1624 601 1690 rebus
624 1647 722 1710 egere
746 1624 790 1690 ad
813 1623 1012 1690 vivendum.
1039 1621 1063 1710 1)

125 1896 256 1974 Quodsi
279 1897 426 1984 denique
452 1900 648 1985 quaerimus
673 1899 880 1986 quibusnam
904 1897 1119 1984 potissimum
1141 1899 1250 1965 causis

84 2008 232 2074 Romani
266 2010 480 2093 ducerentur,
505 2034 586 2078 cum
614 2011 774 2099 inopibus
796 2011 1005 2098 paupertatis
1029 2032 1114 2076 onus
1137 2011 1250 2078 levare
1328 2087 1330 2092 ,

86 2123 309 2209 susciperent:
351 2124 547 2212 unicuique,
584 2126 714 2213 opinor,
740 2125 859 2206 clucet,
886 2131 1057 2211 quantum
1079 2125 1250 2191 Romano-

86 2257 160 2300 rum
182 2236 378 2318 liberalitas,
404 2238 487 2304 adeo
499 2239 701 2320 Stoicorum,
716 2239 850 2304 differat
863 2260 883 2303 a
896 2238 1089 2303 Christiana
1101 2239 1250 2304 caritate.

88 2348 161 2413 Non
187 2350 281 2436 quod
304 2350 391 2415 nihil
414 2351 553 2418 alterius
575 2374 677 2418 causa
700 2353 850 2417 facerent
873 2351 1057 2438 omniaque
1082 2351 1150 2416 suis
1163 2373 1253 2418 com-

89 2462 195 2528 modis
230 2464 442 2530 metirentur.
489 2465 577 2532 Sane
612 2465 763 2546 ambitio,
789 2464 915 2549 gloriae
939 2463 1117 2550 cupiditas,
1142 2471 1254 2530 metus

90 2575 223 2662 quoque
248 2597 369 2660 graves
386 2563 511 2644 causae
531 2586 627 2644 erant
650 2579 889 2644 Romanorum
912 2577 1178 2644 munificentiae.
1204 2578 1253 2644 Si-

89 2687 168 2752 mul·
193 2695 312 2754 tamen
345 2687 517 2772 iniuriam,
555 2713 623 2777 qua
657 2691 753 2778 plebs
776 2697 996 2778 premeretur,
1021 2691 1068 2756 ita
1093 2691 1255 2778 quodam-

121 2945 138 3006 l)
171 2949 255 2997 Nimis
279 2949 354 3006 triste,
380 2949 472 3013 opinor,
498 2952 616 3000 &menos
633 2955 752 3015 totamque
769 2951 936 3015 antiquitatem
954 2949 1063 3015 depingit
1082 2948 1192 2998 Albertus
1209 2947 1255 3010 (l.l.

88 3043 137 3092 pag.
156 3029 222 3090 141),
242 3047 296 3079 cum
313 3031 408 3080 scribit:
427 3033 496 3097 ,wie
513 3033 583 3081 stand
600 3050 624 3082 es
640 3032 773 3097 iiberhaupt
789 3034 836 3082 mit
852 3033 895 3081 der
911 3049 961 3096 eg.
986 3031 1256 3095 Armenpl'lcge?

89 3114 172 3161 husser
195 3113 270 3176 jenen
295 3113 419 3163 offiriellen
445 3115 616 3180 Kornspcnden
638 3116 664 3164 in
682 3116 724 3164 der
740 3117 806 3164 Stsdt
823 3116 882 3162 Rom
900 3114 1000 3177 geschnh
1017 3112 1111 3162 absolut
1126 3113 1204 3162 nichts
1220 3115 1260 3162 fur

90 3194 127 3242 dic
143 3200 250 3244 Arinen:
269 3213 293 3244 es
309 3197 354 3260 gab
372 3197 440 3246 lisine
451 3198 641 3256 'Armeuhtiusen
660 3198 730 3246 keiue
748 3199 857 3262 Spitalea
875 3197 945 3245 lmine
962 3196 1076 3253 Behdrde,
1094 3196 1134 3243 dic
1150 3196 1201 3244 sich
1218 3197 1261 3245 der

92 3277 217 3342 omrtigen
244 3279 356 3328 snnchm.
392 3278 470 3329 Soviel
496 3280 535 3328 ioh
560 3279 618 3328 dher
643 3281 723 3329 diesen
749 3280 833 3328 Punkt
857 3281 917 3328 such
943 3279 1121 3342 naohgelorscht
1145 3278 1212 3338 habe,
1235 3295 1260 3328 so

91 3358 177 3408 konnte
204 3361 245 3409 ich
273 3361 334 3410 doch
359 3377 407 3410 nur
432 3361 485 3410 eine
510 3362 600 3426 einzige
626 3364 688 3427 Spnr
713 3363 779 3412 einer
800 3362 924 3410 offiziellen
942 3362 1105 3425 Armsnpllege
1123 3361 1157 3409 im
1173 3377 1261 3426 gersen

90 3441 229 3491 Altcrthum
256 3443 343 3500 finden,
370 3444 413 3492 sul
435 3444 477 3492 dcr
502 3444 567 3493 Insel
593 3445 691 3494 Rhodus
709 3444 821 3501 ntimlich,
840 3445 879 3493 dic
897 3443 947 3492 sich
964 3443 1097 3507 iiberhaupt
1114 3443 1190 3492 durch
1207 3461 1258 3494 vcr-

90 3525 197 3588 stitndige
223 3525 350 3590 politische
375 3525 555 3584 Institutionen‚
581 3528 651 3576 sowie
677 3528 752 3576 durch
777 3529 822 3575 den
850 3527 927 3575 Fleiss
945 3527 994 3574 und
1011 3526 1048 3575 die
1066 3527 1262 3576 Betriebsemkeit

92 3605 156 3664 ihrer
184 3608 317 3657 Bewohner
343 3609 512 3658 auszcichnetc.
530 3608 615 3658 Strabo
633 3611 706 3671 (xlv,
726 3611 749 3670 2)
767 3609 885 3658 bemerlrt:
913 3609 968 3673 „die
984 3609 1089 3658 Rhodier
1106 3610 1161 3658 sind
1179 3609 1262 3658 Volks·

92 3689 253 3756 begiinstiger,
279 3691 387 3755 obgleieh
414 3691 484 3740 lmine
509 3691 680 3750 Demokraten;
708 3693 741 3741 sia
766 3693 853 3742 wellen
879 3691 929 3740 sich
951 3691 989 3740 die
1006 3691 1093 3754 Menge
1115 3691 1157 3739 der
1174 3695 1263 3740 Armen

91 3773 265 3836 verpllichten3
292 3773 365 3822 dcher
390 3773 452 3821 wird
479 3773 628 3837 hinltnglieh
654 3775 762 3824 Geireide
781 3773 928 3837 nusgetheilt,
947 3773 997 3822 und
1014 3772 1052 3822 die
1068 3772 1264 3822 Wchlhabcnden

91 3855 193 3904 nahmen
221 3856 283 3904 nach
308 3855 485 3906 diviterlicher
510 3856 587 3904 Weiss
609 3857 648 3904 die
674 3843 777 3906 hrmem
802 3857 839 3905 hei
862 3857 911 3905 sich
933 3858 986 3914 aul5
1012 3856 1146 3904 ausserdem
1174 3856 1226 3920 gibt
1241 3872 1266 3905 es

92 3935 159 3986 keine
184 3938 349 3988 Amtsdienste
366 3955 409 3988 zur
422 3937 644 4003 Speisebesorgung.
663 3957 689 3989 so
705 3941 758 3990 dass
772 3941 818 3988 'der
834 3941 908 3988 Arme
924 3938 1032 4002 zugleioh
1049 3938 1178 3989 Unterhslt
1193 3940 1268 3989 findet

92 4021 141 4069 und
158 4021 198 4070 die
216 4023 285 4070 Stsdt
301 4038 332 4070 an
349 4022 477 4070 Arbeitern
494 4021 581 4070 keinen
599 4019 1099 4086 Mangelhet,besondersliirdieFlotte.”
1117 4019 1132 4040 ''
1159 4023 1264 4088 Quid-

92 4118 121 4151 ns
151 4104 223 4168 plura
255 4120 433 4154 commemorem
462 4131 492 4141 -
521 4104 549 4152 dc
573 4104 767 4162 Atheniensibus,
794 4105 835 4168 qui
861 4103 960 4152 cottidie
985 4101 1087 4166 singulis
1112 4095 1265 4165 ἀδυνάτοις

93 4185 201 4250 singulos
227 4188 265 4236 vel
292 4187 359 4237 binos
379 4188 460 4236 obolos
475 4185 570 4251 publice
588 4187 643 4236 dara
660 4189 783 4238 solebant?
817 4188 854 4236 Cf.
872 4187 901 4234 de
918 4185 961 4235 hnc
978 4185 1163 4234 Atheniensium
1180 4184 1266 4234 libers-

95 4267 163 4320 litate
179 4269 271 4329 Bdclsh,
290 4270 447 4320 sisinnum.
465 4269 507 4318 der
524 4269 637 4329 Athener,
654 4270 679 4319 1²
696 4287 748 4336 pag.
766 4270 815 4319 342
832 4284 894 4332 seqq.
