3040 5134
596 587 659 654 191

99 763 247 832 Vescitur
270 765 383 832 omnis
406 783 509 853 eques
532 771 646 834 tecum
669 766 885 855 populusque
908 773 1097 855 patresque,

138 879 180 943 Et
201 880 292 966 capit
314 879 499 946 ambrosias
522 902 602 948 oum
626 881 712 948 duce
735 881 843 947 Roma
869 882 982 969 dapes.

100 992 242 1058 Grandia
264 992 437 1079 pollicitus
462 1000 590 1080 quanto
614 995 744 1060 maiora
767 994 909 1062 dedisti)

137 1106 303 1172 Promissa
325 1114 373 1173 est
398 1107 496 1173 nobis
519 1107 681 1194 sportula,
707 1114 799 1175 recta
822 1108 901 1174 data
924 1110 1005 1176 est.''

98 1219 188 1297 Quod
220 1221 348 1286 faciens
370 1221 588 1287 Domitianus
611 1221 675 1288 sibi
698 1221 764 1309 ipsi
788 1221 973 1300 constabat,
988 1223 1045 1309 qui
1064 1228 1214 1309 „sportu-

61 1331 101 1397 las
130 1333 281 1419 publicas
315 1334 524 1421 sustnlter)it‚
552 1341 709 1402 revocata
729 1342 900 1402 rectarum
925 1355 1111 1402 caesarum
1135 1358 1213 1402 con-

61 1447 256 1514 suetudine.''
295 1447 319 1526 l)
356 1447 388 1514 A
423 1448 558 1514 Nerone
582 1449 676 1514 enim
702 1448 882 1536 ,publicae
906 1471 1031 1516 caenae
1055 1450 1098 1515 ad
1122 1471 1213 1537 spor-

61 1561 134 1626 tulas
156 1561 332 1628 redactae'’
357 1561 383 1648 2)
407 1562 551 1628 fuerant.
587 1563 821 1649 Utrarumque
837 1562 1019 1628 discrimen
1036 1563 1100 1629 hoc
1113 1570 1173 1630 est.
1187 1563 1214 1649 8)

63 1674 163 1752 ,Recta
187 1698 281 1742 coeno
305 1680 355 1741 est
377 1675 479 1756 lauta,
496 1676 629 1760 integro
642 1683 809 1762 apparatu
821 1676 1006 1742 instructa”
1020 1676 1212 1764 (Foroell.);

59 1790 260 1871 sportularum
284 1811 364 1855 vero
390 1789 528 1855 nomine
552 1789 707 1855 ciborum
734 1810 869 1876 quoque
894 1790 1065 1876 portiones
1086 1791 1214 1874 signifi-

60 1900 219 1982 cabantur,
255 1901 399 1987 singulis
434 1903 589 1969 convivis
619 1903 656 1968 in
683 1902 842 1988 sportulis
866 1902 1050 1989 praebitae,
1074 1902 1096 1969 i.
1121 1925 1150 1968 e.
1175 1904 1211 1968 in

62 2016 160 2098 parvis
193 2017 324 2102 sportis,
361 2036 449 2102 quae
483 2022 581 2082 erant
615 2038 695 2083 vasa
727 2015 909 2102 qualorum
932 2022 992 2082 aut
1015 2016 1213 2082 fiscinarum
1303 2014 1305 2018 ⁴

62 2134 109 2192 aut
130 2129 282 2196 corbium
306 2129 440 2195 similia.
465 2132 490 2216 4)
537 2130 749 2197 Monendnm
772 2138 887 2194 tamen
905 2151 974 2195 non
987 2152 1063 2195 raro
1076 2150 1212 2217 quoque

62 2248 173 2309 certam
205 2244 370 2330 pecuniae
395 2265 568 2310 summam
590 2244 693 2309 fuisso
716 2243 843 2328 datam,
864 2265 951 2329 quae
976 2249 1010 2308 et
1030 2244 1104 2329 ipsa
1126 2265 1214 2330 spor·

62 2356 141 2439 tuba,
163 2358 386 2439 obscrationis,
411 2358 498 2444 epuli
521 2356 661 2424 vocibus
685 2356 939 2442 designabatur.

97 2469 206 2536 Nihilo
229 2471 338 2537 secius
362 2471 579 2536 Domitianus
598 2471 669 2558 ipse
690 2491 827 2558 quoque
848 2469 1016 2557 sportulas
1029 2469 1212 2552 distribuit,

61 2582 143 2648 cuius
166 2585 214 2650 rei
238 2589 356 2650 auctor
378 2591 429 2650 est
451 2585 653 2651 Suetonius:
670 2583 941 2670 „Septimontiali
954 2604 1048 2650 sacro
1062 2584 1213 2670 quidem,

62 2698 179 2762 senatui
209 2698 385 2785 equitique
411 2699 569 2784 panariis,
595 2699 620 2784 ᾗ)
643 2697 755 2785 plebei
779 2696 946 2783 sportellis
970 2718 1050 2764 cum
1074 2696 1214 2763 obsonio

63 2807 242 2892 distributis,
267 2812 406 2877 initium
420 2812 579 2878 vescendi
590 2811 722 2899 primus
734 2811 844 2877 fecit.''
861 2809 886 2898 ὓ)
910 2810 1086 2898 Sportulas
1098 2816 1214 2876 autem

63 2919 116 2987 hoc
147 2924 217 2991 loco
252 2947 323 2990 non
346 2947 540 3013 persequar,
564 2932 604 2990 ut
627 2946 714 3012 quae
737 2925 806 2990 sint
828 2923 1012 3011 pleraeque
1042 2924 1079 2987 in
1103 2923 1214 3010 priva·

63 3040 163 3103 torum
185 3060 265 3124 erga
287 3039 506 3126 pauperiores
529 3038 695 3106 beneficia
718 3037 962 3104 numerandae.
987 3036 1013 3125 7)

100 3151 150 3216 Ad
186 3154 303 3240 epulas
337 3154 443 3238 igitur
477 3153 666 3219 Domitiani
701 3152 916 3218 redeundum
951 3157 1011 3218 est.
1057 3150 1215 3217 Notabile

24 3300 26 3305 -
65 3263 201 3330 eiusdem
242 3266 384 3353 epulum
420 3267 570 3333 carmine
605 3265 753 3333 celebrat
787 3272 818 3332 et
855 3266 952 3353 qnasi
988 3271 1065 3331 ante
1102 3265 1217 3332 oculos

65 3381 208 3464 proponit
241 3381 279 3446 P.
315 3381 480 3468 Papinius
510 3380 646 3448 Statius.
693 3379 896 3446 inscribitur
918 3401 1067 3461 carmen,
1092 3379 1218 3464 dignis·

66 3511 242 3526 ἡ...

94 3569 110 3631 ¹)
141 3575 199 3625 Suet.
217 3576 286 3626 Dom.
305 3577 329 3630 7.

94 3654 110 3716 ²)
139 3658 198 3708 Suet.
216 3659 278 3709 Nero
298 3661 336 3708 16.

93 3740 110 3800 ³)
141 3743 174 3792 Ol.
192 3745 269 3808 Marq.
287 3743 398 3794 Privatl.²
414 3760 466 3809 pag.
485 3744 533 3793 208
555 3760 619 3808 seqq.

94 3825 111 3883 ⁴)
141 3827 174 3876 ct.
192 3828 318 3878 Forcsllini
336 3845 354 3877 s.
373 3845 395 3877 v.
413 3833 502 3892 sporta.

96 3907 111 3966 l)
141 3910 247 3975 Lipsius:
267 3912 382 3977 „Panaria
398 3913 506 3976 digniora
522 3915 578 3961 sunt
596 3911 707 3975 sportulis
725 3927 773 3960 non
790 3909 961 3973 magnitudine,
979 3908 1019 3956 sed
1035 3905 1140 3962 materia,
1157 3905 1219 3969 quod

68 3988 103 4036 bae
125 4008 149 4041 ex
172 3994 244 4058 ligno,
271 3995 313 4045 illa
338 4013 365 4044 ex
392 3996 538 4044 viminibus:
564 3999 587 4044 ot
611 3996 654 4044 hae
676 3995 811 4060 capaciores,
829 3995 892 4058 quod
909 4008 936 4040 ax
954 3993 983 4040 iis
1001 3991 1120 4040 interdum
1139 3988 1220 4052 plures

69 4086 154 4124 ursmaro
170 4084 276 4137 sumant;
295 4079 339 4128 illa
356 4079 456 4136 minora,
472 4080 535 4142 quod
554 4095 615 4127 unus
632 4082 726 4128 tantum
743 4092 770 4125 ex
788 4077 818 4125 iis
836 4077 915 4124 cibum
935 4073 1049 4139 caperat.'’

95 4156 103 4186 ⁶
143 4159 201 4210 Suet.
218 4162 287 4212 Dom.
305 4166 329 4211 4.

96 4159 113 4296 ³)
144 4243 248 4294 Attamen
274 4247 396 4310 Caligulae
421 4261 514 4309 quoque
539 4245 655 4309 sportulas
681 4247 846 4292 commemorat
871 4241 996 4291 Suetonius
1019 4240 1081 4305 (Cal.
1100 4240 1140 4301 18)
1157 4238 1221 4286 hisee

71 4323 149 4374 verbis:
167 4331 323 4396 ,saponaria
339 4348 394 4381 cum
411 4329 508 4378 obsonio
526 4329 617 4380 viritim
634 4327 741 4377 divisit.'’
