3040 5134
850 591 915 657 136

296 767 396 836 ficere
430 767 517 833 mihi
540 789 610 835 non
634 767 779 836 videtur.
825 768 874 836 Ut
897 767 991 834 enim
1013 767 1109 834 aliud
1131 774 1182 835 est
1204 767 1318 856 ipsum
1343 791 1449 856 propo·
1511 831 1512 836 ,

296 881 410 964 situm,
446 880 540 948 alind
574 881 618 947 id.
634 880 726 968 quod
749 880 793 946 ad
816 880 902 947 illud
927 880 1074 964 deducit,
1098 881 1147 948 ite
1170 903 1327 949 annonae
1350 882 1449 951 vilitas
1514 910 1515 971 3

296 994 520 1062 discernende
542 1000 593 1061 est
615 1015 635 1060 a
654 993 792 1080 publico
815 995 998 1077 humente,
1024 995 1117 1083 quod
1140 1016 1211 1062 non
1236 996 1447 1062 minimome

297 1114 413 1174 mente
437 1114 510 1175 erat
532 1108 576 1174 ad
599 1107 709 1196 pretia
732 1107 989 1175 summittenda.
1027 1109 1084 1174 Ad
1108 1130 1227 1176 omnes
1239 1109 1399 1176 nimirum
1410 1109 1451 1173 in·
1514 1153 1515 1176 2

297 1221 387 1288 coles
403 1221 519 1291 exsili
532 1221 956 1289 annonaemolumentum
968 1221 1138 1290 veniebat.
1165 1223 1391 1290 Frumentum
1401 1243 1450 1310 pu·
1514 1251 1515 1288 2

297 1333 427 1401 blicum
449 1340 569 1403 contra
591 1356 677 1401 num
700 1341 734 1402 et
756 1335 871 1424 ipsum
894 1337 1105 1403 omne-de
1119 1358 1255 1425 quoque
1268 1359 1382 1404 mense
1394 1337 1446 1402 dis·
1514 1364 1515 1370 ¹

296 1448 425 1515 tribute
447 1470 540 1516 nunc
559 1470 630 1517 non
652 1449 729 1516 dico
751 1488 796 1499 -
818 1471 887 1516 om
900 1450 1045 1516 nibus
1067 1451 1200 1518 veniret
1223 1451 1382 1539 equidem
1394 1449 1450 1518 vel·
1513 1478 1515 1518 ÷

299 1561 341 1627 de
365 1560 494 1629 dubito.
529 1562 603 1649 Ego
627 1563 741 1651 petius
763 1563 968 1631 contendere
992 1564 1108 1644 velim,
1131 1571 1171 1631 ut
1193 1564 1359 1651 gratuitus
1371 1585 1448 1630 men·

297 1681 407 1742 struas
429 1675 635 1762 largitiones
659 1677 708 1744 ite
731 1677 905 1766 reliquum
928 1679 1142 1745 frumentum
1165 1679 1258 1766 quod
1269 1679 1307 1744 in
1319 1677 1448 1767 publicis
1509 1703 1515 1746 1,

297 1789 427 1856 horreis
450 1796 536 1856 esset
559 1791 784 1874 reconditum,
810 1797 980 1879 quatenus
1002 1792 1046 1858 ad
1070 1799 1261 1860 mercatum
1273 1814 1344 1860 non
1359 1792 1449 1858 defer·

296 1909 399 1986 retur,
425 1901 451 1991 1)
485 1925 556 1970 non
590 1904 657 1970 nisi
679 1904 816 1970 cuidam
840 1905 930 1992 perti
952 1906 1102 1972 Romani
1125 1906 1255 1994 populi,
1281 1928 1367 1995 qnae
1389 1911 1448 1972 eret
1509 1911 1510 1916 ’

296 2015 392 2104 plebs
413 2017 545 2084 urbana
566 2018 637 2086 sive
661 2019 829 2100 Romane,
855 2017 881 2107 1)
902 2020 1004 2086 fuisse
1028 2020 1247 2087 destinatum.
1295 2021 1387 2087 Haec
1405 2039 1448 2084 res

273 2122 277 2132 '⁵
295 2130 578 2218 praetermittitur
601 2154 622 2197 a
644 2131 815 2220 plerisque
832 2133 914 2199 viris
926 2133 1050 2216 doctis;
1064 2132 1107 2199 ab
1126 2134 1202 2200 aliis
1215 2140 1351 2200 tentum
1362 2133 1447 2200 attin·

294 2244 403 2330 gitur;
418 2252 453 2311 et
465 2267 577 2327 nemc,
593 2246 685 2334 quod
696 2247 811 2329 seiam,
826 2247 974 2314 dilucide
988 2248 1174 2335 expedivit,
1189 2248 1273 2337 quid
1286 2249 1327 2314 de
1340 2269 1378 2314 ee
1388 2268 1448 2313 sen·

294 2359 366 2425 tiat.
393 2356 420 2447 8)
446 2359 641 2447 Utcumque
665 2368 724 2443 est,
745 2382 843 2448 spero
856 2362 926 2428 scre
939 2368 979 2428 ut
990 2362 1083 2428 haud
1096 2383 1187 2430 vane
1200 2363 1322 2430 efferre
1335 2361 1446 2440 videar,

295 2571 375 2619 Huius
389 2571 460 2620 verbe
467 2575 525 2621 sunt
534 2592 539 2619 ι
550 2572 598 2637 „Es
607 2571 681 2621 bildet
690 2573 741 2622 sich
750 2573 792 2622 der
800 2573 955 2623 Unterschied
964 2574 1079 2623 rwischen
1088 2590 1146 2622 cura
1154 2589 1265 2624 aunem
1273 2575 1448 2639 undfrumeuta-

296 2653 329 2703 tio
339 2670 345 2698 ε
364 2653 401 2703 die
418 2670 476 2702 eura
493 2671 603 2704 annonae
616 2655 679 2704 hatte
687 2657 726 2704 liir
734 2657 780 2705 den
789 2657 965 2708 Gesamtbedarl
972 2673 1002 2706 an
1012 2657 1120 2705 Getreide
1128 2673 1156 2704 zu
1166 2673 1256 2721 surgen,
1266 2659 1365 2706 umsasst
1373 2654 1448 2705 sowobl

294 2736 335 2785 des
361 2737 532 2801 unentgeltlieh
556 2738 726 2802 abrugebende,
747 2739 783 2788 als
800 2741 859 2789 auch
876 2741 1002 2804 dasjenige,
1021 2740 1118 2789 welches
1135 2739 1181 2789 alle
1197 2741 1287 2804 Biirger
1305 2758 1344 2790 um
1361 2742 1402 2790 den
1416 2739 1448 2786 be·

293 2821 416 2870 stimmten
442 2821 509 2870 Preis
528 2822 554 2870 in
571 2823 617 2871 den
634 2822 771 2872 staatlichen
789 2823 927 2888 Magarinen
945 2860 951 2874 .
969 2860 975 2873 .
993 2823 1079 2872 kaufen
1095 2823 1208 2873 konnlen.
1242 2825 1281 2872 An
1298 2825 1340 2873 der
1351 2825 1448 2889 smum·

294 2903 353 2953 urio
369 2892 448 2952 hatten
466 2920 512 2953 nur
528 2905 567 2954 die
585 2906 610 2953 in
627 2906 672 2954 den
689 2906 771 2955 Listen
789 2907 972 2964 veraeichneten,
980 2923 1011 2955 an
1019 2907 1060 2955 der
1068 2921 1164 2955 muana
1170 2906 1216 2956 alle
1224 2907 1315 2971 Biirger
1323 2905 1422 2956 Anteil.''

334 2988 356 3060 ¹)
394 2987 517 3036 Nimirum
539 2988 602 3036 hand
618 2989 742 3037 abnuerim
759 2989 904 3038 frumentum
922 2989 1046 3054 publicum
1063 2994 1178 3054 qnatenus
1195 2991 1225 3038 ad
1242 2995 1371 3040 mercatum
1386 2989 1448 3038 deler-

291 3071 356 3116 retur
372 3069 470 3119 cuilibet
486 3071 586 3135 emptori
604 3071 704 3121 venisse.

326 3151 346 3212 2)
380 3151 443 3202 Haec
468 3154 514 3203 duo
531 3155 628 3203 nomina
644 3155 738 3204 idemne
755 3155 893 3206 declarant?
927 3156 953 3206 Si
969 3156 1089 3206 subtiliter
1105 3157 1245 3222 distinguas,
1262 3158 1360 3206 fortasse
1376 3169 1448 3217 negas
1514 3151 1515 3180 ³

291 3235 357 3284 dum.
391 3236 428 3284 De
444 3236 488 3286 hac
505 3254 529 3286 re
546 3236 600 3286 vide
616 3237 685 3288 infra.

325 3317 346 3380 ⁸)
380 3319 521 3378 Radbertus,
546 3321 594 3369 Zur
617 3322 656 3371 rr.
683 3323 705 3370 d.
732 3322 820 3372 Seehw.
843 3324 867 3372 d.
885 3323 970 3373 Geldes
988 3325 1021 3373 im
1039 3324 1097 3384 Ab„
1115 3325 1132 3374 1.
1150 3325 1168 3374 l.
1185 3326 1239 3374 adn.
1258 3325 1289 3374 21
1309 3332 1369 3390 (pag.
1387 3322 1448 3379 393):

292 3401 356 3466 „Mit
381 3403 422 3451 der
447 3403 633 3468 Mitgliedschafl
657 3405 723 3454 einer
740 3406 881 3456 Stedttribus
902 3424 979 3457 waren
996 3409 1051 3457 aber
1066 3409 1126 3457 auch
1143 3409 1204 3457 noch
1217 3409 1285 3457 mehr
1302 3407 1417 3457 commoda
1431 3407 1450 3451 et

291 3486 433 3552 principales
450 3486 603 3537 liberalitates
621 3516 652 3524 -
670 3488 688 3539 1.
706 3489 736 3538 35
755 3505 789 3556 pr.
808 3491 1163 3542 D.32—-verbnnden......
1182 3508 1201 3541 z.
1219 3493 1247 3541 Β.
1266 3492 1449 3556 billigeres

294 3570 410 3628 Getreide‚
437 3570 481 3619 seit
504 3571 590 3635 Trajan
615 3573 684 3621 dafiir
710 3573 777 3621 Mehl
795 3573 831 3622 bei
849 3575 894 3623 deu
912 3574 1116 3624 Steatsmiillern.''
1134 3603 1165 3612 —
1184 3575 1323 3639 Marqnardt
1339 3575 1356 3624 l.
1374 3575 1389 3623 l.
1405 3587 1449 3636 psg·

294 3653 340 3704 127
352 3669 357 3697 :
385 3653 445 3718 „Die
468 3653 591 3714 Verkiiule,
617 3655 691 3704 durch
717 3656 805 3704 welche
830 3657 868 3705 die
893 3658 1026 3722 Regierung
1039 3659 1083 3707 den
1096 3658 1162 3706 Preis
1179 3659 1218 3707 des
1234 3658 1354 3706 Getreides
1371 3654 1450 3715 niedrig

289 3735 351 3786 hielt
377 3738 426 3786 nnd
450 3754 523 3802 gegen
548 3739 601 3787 eine
626 3739 760 3788 kiinstliche
785 3740 922 3804 Steigerung
939 3742 1014 3790 durch
1031 3741 1184 3807 Speculanten
1202 3742 1314 3799 schiitate,
1331 3739 1449 3805 geschahen

294 3820 407 3869 ruweilen
429 3822 474 3870 mit
501 3821 595 3871 Verlust
621 3823 670 3871 und
695 3823 835 3886 wenigstens
860 3839 889 3871 ru
915 3824 991 3872 einem
1019 3825 1150 3873 Minimum
1168 3825 1207 3874 des
1225 3825 1405 3890 Marktpreises;
1421 3819 1449 3867 sie

292 3919 367 3952 waren
385 3904 500 3954 ebenlalls
517 3906 570 3954 eine
586 3906 708 3970 Largition
724 3907 772 3954 und
790 3907 876 3954 landen
895 3923 940 3954 nur
957 3908 983 3954 in
1001 3907 1177 3956 besehriinlrtern
1194 3908 1285 3956 Maasse
1302 3923 1372 3972 gegen
1388 3905 1448 3952 einen

293 3987 483 4052 Magarinechein
500 3991 616 4051 (tessera)
633 3993 696 4048 atatt,
713 3990 758 4038 den
776 4005 831 4038 man
849 3989 936 4047 kauste,
955 3991 1003 4038 und
1020 4006 1092 4054 gegen
1109 3989 1211 4038 welchen
1231 4006 1284 4038 man
1303 3985 1449 4038 dasGetreide

289 4086 303 4119 a
313 4087 340 4119 us
358 4071 400 4120 den
420 4072 631 4136 Staatsmngazinen
649 4072 758 4122 erhielt.”
776 4100 806 4109 -
826 4072 927 4121 Schiller
943 4073 970 4122 in
987 4073 1028 4122 Iw.
1038 4090 1060 4122 v.
1070 4073 1126 4122 M.'s
1136 4074 1229 4122 Handb.
1239 4073 1280 4132 IV,
1290 4074 1324 4132 2²,
1333 4088 1381 4137 prg.
1391 4068 1447 4118 195:

289 4156 395 4219 „Ausser
421 4156 501 4204 diesen
526 4155 677 4204 Geschenlren
704 4156 823 4205 verkaulte
848 4156 909 4205 noch
931 4156 970 4204 die
987 4157 1119 4220 Regierung
1136 4157 1243 4206 Getreide
1259 4173 1289 4205 ru
1305 4155 1446 4217 niedrigerem

292 4238 449 4304 Marktpreise
465 4255 496 4288 an
513 4240 571 4288 daza
588 4240 741 4304 Bereehtigte,
758 4239 826 4288 nicht
842 4239 918 4289 selten
934 4241 981 4289 mit
997 4240 1115 4290 Verlust.''
1132 4269 1164 4277 —
1182 4240 1221 4289 Cf.
1236 4240 1306 4290 etiam
1318 4232 1446 4287 Mommseni

290 4323 431 4372 sententiam
449 4323 478 4372 de
494 4323 588 4397 tesseris
605 4323 754 4383 nummariis,
771 4339 842 4388 quam
858 4323 912 4372 vide
929 4323 955 4372 in
972 4323 1077 4388 proxima
1093 4325 1184 4389 pagina.
