3040 5134
586 625 650 694 179

37 802 115 882 latis,
152 803 214 892 qui
241 803 305 886 „ob
327 803 532 872 uestimenta
553 803 681 893 populo
704 804 879 892 congiaria
904 803 931 892 ¹)
953 803 1033 873 data
1050 803 1202 872 multum

38 915 250 984 Antoninum
273 939 294 984 a
316 917 415 1005 plebe
439 917 624 985 dilectum''
649 939 720 986 esse
745 918 871 986 scribit.

77 1031 339 1117 Congiariorum
372 1031 473 1098 series
507 1030 606 1119 plene
641 1031 883 1120 cumulateque
918 1031 1037 1120 perfici
1071 1031 1203 1120 nequit.

38 1143 140 1210 Multa
176 1144 368 1232 composuit
401 1145 683 1234 chronographus
719 1145 861 1234 quidam
897 1146 981 1212 anni
1003 1167 1037 1233 p.
1061 1145 1142 1212 Chr.
1167 1167 1202 1212 n.

39 1257 96 1324 354
139 1259 391 1347 Imperatorum
425 1259 544 1326 ordine
581 1266 726 1340 servato,
761 1257 792 1342 ¹)
827 1278 897 1325 non
932 1263 1049 1326 tamen
1085 1258 1202 1326 omnia

39 1373 259 1455 enumeravit,
295 1393 338 1439 ne
368 1392 408 1438 ea
433 1371 583 1461 quidem,
609 1393 696 1460 quae
720 1393 741 1439 a
764 1371 985 1461 scriptoribus
1008 1371 1202 1440 traduntur.

39 1484 170 1553 Praeter
204 1487 268 1553 hos
301 1486 494 1554 uberrImus
527 1488 603 1554 fons
636 1493 717 1552 sunt
750 1493 904 1568 tesserae,
940 1485 1087 1568 nummi,
1112 1485 1203 1552 tituli

38 1599 189 1665 nonnulli
201 1622 209 1682 ;
241 1599 268 1688 ⁸)
291 1600 422 1668 axillis
446 1599 555 1668 multa
577 1606 830 1687 cognoscuntur
853 1620 941 1688 quae
964 1599 1057 1688 apud
1080 1620 1203 1668 rerum

40 1711 269 1781 Romanarum
291 1721 445 1782 auctores
468 1736 538 1782 non
560 1714 724 1782 invenies.
750 1714 779 1800 ⁴)

77 1827 117 1892 ln
149 1828 333 1914 congiariis
366 1828 488 1895 dandis
510 1827 681 1916 principes
703 1833 832 1895 certam
854 1825 968 1913 legem
991 1847 1060 1892 non
1089 1847 1203 1894 serva-

40 1937 123 2023 bant,
158 1941 217 2008 sed
252 1943 367 2009 variae
390 1949 488 2009 erant
510 1963 630 2008 causae
651 1940 776 2029 quibus
799 1940 844 2007 ad
867 1962 907 2008 ea
930 1939 1202 2007 adducebantur.

40 2052 224 2122 Nonnullae
255 2058 436 2143 proferam.
483 2056 666 2142 Congiaria
699 2054 880 2136 dederunt,
903 2075 985 2121 cum
1010 2053 1201 2142 imperium

40 2166 167 2251 inirent,
203 2170 230 2255 ⁵)
264 2169 389 2252 Nerva,
430 2170 607 2251 Traianus,
631 2169 804 2250 Pertinax,
829 2166 1015 2256 Septimius
1039 2167 1201 2250 Severus,

42 2280 260 2367 Elagabalus3
297 2284 439 2351 victoria
473 2290 570 2371 parta
608 2283 635 2370 ⁶)
673 2283 805 2364 Caesar,
829 2281 996 2364 Tiberius,
1021 2281 1201 2363 Traianus,

44 2448 226 2461 ᾕ-

43 2533 86 2582 psg.
111 2519 158 2568 259
175 2489 245 2583 (aab)
262 2522 307 2570 adn
334 2524 358 2570 4.
392 2524 425 2571 At
440 2539 495 2571 cuni
512 2523 632 2587 Augustus
650 2537 714 2571 uno
730 2537 792 2571 anno
810 2521 857 2574 731
876 2519 1058 2570 duodecim
1075 2520 1203 2570 tramenta·

42 2600 108 2650 tiones
132 2621 242 2654 emensus
262 2606 302 2664 sit,
319 2606 394 2670 magia
411 2605 512 2655 inclinat
528 2606 630 2664 animus,
648 2610 675 2654 ut
691 2605 800 2670 equidem
817 2603 917 2654 arbitrer
933 2603 1128 2654 frumentationes
1145 2603 1203 2654 istas

43 2681 106 2733 luisse
122 2693 253 2737 menstruas
270 2688 400 2738 ordinarias
443 2689 529 2738 Nescio
545 2705 575 2738 sn
593 2693 653 2738 recte
672 2689 805 2738 Mommsen
823 2686 956 2736 RG.D.A.¹
973 2703 1024 2752 pag.
1038 2687 1068 2735 25
1079 2706 1085 2734 :
1097 2687 1142 2750 „A.
1153 2687 1201 2739 731

42 2766 224 2820 frumentationes
240 2771 293 2820 inre
309 2772 338 2820 ad
355 2773 471 2821 aerarium
489 2772 623 2837 spectabant
639 2777 662 2821 et
680 2772 833 2836 magistratus
849 2771 988 2820 ordinarios.
1006 2771 1203 2835 princepssutem

43 2864 91 2899 usus
114 2869 142 2902 ex
157 2855 195 2903 his
212 2855 350 2919 praesertim
368 2856 501 2905 ministerio
518 2855 555 2904 n.
572 2855 674 2905 Neronis
691 2872 718 2904 eo
734 2871 797 2904 anno
814 2854 943 2918 quaestoris
959 2853 1076 2902 Ostiensis
1094 2889 1206 2904 .....

44 2969 69 2982 ..
87 2973 91 2984 .
108 2941 216 3003 sumptus
233 2938 259 2986 in
277 2955 301 2988 se
319 2938 432 3003 recepit.'’

71 3015 88 3078 ¹)
120 3020 154 3070 Ita
178 3021 235 3071 libri
262 3038 334 3072 mann
355 3022 437 3088 scripti
463 3026 486 3072 et
512 3023 665 3072 Hermannns
681 3023 749 3072 Peter
765 3021 901 3086 (Scriptores
919 3020 1039 3070 Historiae
1056 3019 1205 3084 Angustae’).

42 3099 113 3150 llditio
129 3105 237 3170 princeps
255 3105 443 3155 Mediolanensis
460 3105 541 3155 habet:
562 3111 599 3172 „et
616 3105 758 3170 congiaris.”

70 3190 90 3243 'l
120 3188 177 3239 Vide
203 3190 346 3246 Mommsen.
376 3176 439 3238 llber
465 3190 509 3238 den
535 3189 733 3254 Chronographen
760 3188 847 3237 vumJ.
867 3187 924 3245 854,
941 3187 967 3237 iu
985 3187 1046 3236 aba.
1064 3187 1087 3237 d.
1105 3187 1203 3252 philol.-

42 3265 89 3318 hist.
114 3270 191 3321 Classe
214 3273 237 3320 d.
258 3272 350 3336 kdnigl.
368 3272 446 3322 Sitchs.
465 3271 593 3323 Cesellscb.
611 3273 634 3322 d.
652 3271 803 3330 Wissensch.,
820 3271 832 3319 I
850 3287 901 3336 pag.
921 3271 968 3323 547
987 3287 1051 3335 seqq.
1069 3271 1129 3335 (ipsa
1147 3288 1203 3320 con·

41 3350 105 3412 giaria
129 3353 239 3419 leguntur
263 3371 314 3420 pag.
342 3355 389 3404 545
417 3357 491 3420 seqq.)
509 3355 686 3420 Cbronograpbi
705 3355 904 3406 enumerationem
922 3353 1045 3404 transtulit
1062 3353 1203 3418 Marquardt

42 3431 87 3482 StV.
104 3435 139 3484 11²
153 3454 206 3503 pag.
226 3439 274 3487 188
292 3455 339 3503 seq.

69 3516 86 3576 ³)
118 3519 222 3570 Tesserae
240 3521 294 3570 vide
311 3522 374 3585 apud
390 3521 543 3581 Rostovtsew,
560 3506 636 3571 lltude
653 3535 693 3570 sur
711 3521 745 3570 les
762 3520 855 3586 plombs
872 3521 996 3585 antiques;
1013 3536 1124 3569 nummos
1136 3521 1200 3585 apud

43 3596 120 3655 Ceben.
146 3603 297 3668 Description
324 3604 406 3653 histor.
433 3604 456 3654 d.
475 3605 596 3653 monnaies
613 3606 688 3669 irnpp.
707 3621 761 3652 sous
778 3604 858 3668 l'emp.
877 3602 989 3652 romain.¹
1024 3603 1081 3652 Post
1097 3602 1204 3651 auctoris

43 3686 131 3732 mortem
147 3687 197 3736 Vol.
215 3687 349 3737 III—VIII
367 3686 463 3736 alteram
481 3687 607 3738 editionem
626 3687 717 3737 curavit
733 3688 876 3736 Penardent.

70 3765 87 3824 ⁴)
117 3765 149 3816 Ita
174 3769 252 3818 multa
268 3769 370 3818 Neronis
391 3770 508 3834 congiaria
525 3772 679 3820 testificantur
696 3775 793 3820 tuaene
810 3771 848 3830 (cf.
866 3771 1009 3818 llostortsew
1026 3766 1044 3815 l.
1062 3765 1079 3815 l.
1097 3783 1148 3830 pag.
1168 3766 1201 3815 28

44 3849 114 3910 seqqt,
138 3851 258 3916 Elagabcli
285 3857 395 3917 quattuor
419 3852 572 3902 liberalitates
587 3855 680 3903 nummi
698 3855 737 3916 (cf.
755 3853 835 3902 Ceben
853 3869 875 3902 o.
892 3851 910 3900 l.
927 3850 974 3900 1v¹
991 3866 1043 3914 pag.
1062 3849 1109 3898 ael
1128 3865 1202 3914 seqq„

44 3929 145 3990 74-88).

72 4010 88 4070 ⁵)
120 4014 152 4064 ct.
178 4017 257 4066 Coben
284 4034 305 4066 o.
334 4017 351 4067 l.
378 4018 415 4066 11¹
439 4035 491 4084 pag.
518 4021 542 4078 4,
560 4020 608 4078 87;
625 4036 677 4084 pag.
697 4021 737 4077 24,
756 4022 803 4076 55;
821 4016 922 4083 Capitol.
939 4015 1049 4065 Pertinax
1067 4015 1090 4074 7,
1105 4015 1136 4072 5;
1153 4014 1201 4063 llio

45 4089 98 4141 Cass.
114 4096 218 4158 LXXIII,
237 4101 259 4159 5,
276 4102 306 4156 5;
324 4101 411 4151 Herod.
429 4102 463 4158 ΙΙ,
482 4103 521 4160 14,
540 4104 569 4160 5;
588 4103 616 4160 V,
636 4106 657 4159 5,
677 4103 699 4152 8.

71 4175 89 4235 ⁸)
120 4178 161 4228 Dio
177 4182 241 4231 Cass.
259 4183 348 4242 XLIII,
368 4185 407 4243 21,
426 4185 457 4243 3;
475 4186 538 4234 Suet.
556 4186 603 4235 lul.
623 4187 670 4243 38;
688 4185 740 4234 Tib.
759 4185 791 4234 20
808 4188 876 4245 <tanc
893 4199 948 4232 sane
964 4181 1200 4247 nondumprinoipa-

45 4259 88 4306 taos
103 4262 189 4312 borbat
205 4265 339 4326 Tiberius);
357 4267 439 4317 Coben
455 4268 473 4317 1.
492 4267 509 4316 l.
527 4285 578 4333 pag.
598 4269 638 4328 22,
657 4271 705 4327 45;
727 4285 778 4335 pag.
798 4268 838 4320 25.
856 4267 904 4324 61,
922 4265 1010 4317 Herod.
1028 4264 1200 4326 111,8,4;10,

44 4336 69 4396 23
84 4339 196 4412 lamprid.
214 4347 280 4402 Alex.
298 4350 352 4400 Ser.
371 4350 411 4406 57.
971 4370 973 4375 ’
