3084 5128
860 567 924 636 222

305 747 439 816 videbis
472 747 598 815 incidit
646 746 804 834 Augetur
827 748 920 814 enim
944 748 1067 816 cotidie
1091 754 1125 816 et
1145 745 1275 832 crescit,
1299 772 1369 817 non
1392 751 1461 838 quia

305 861 450 929 cariores
480 862 679 949 parentibus
714 861 823 942 liberi,
858 861 917 928 sed
941 863 1023 949 quia
1045 863 1194 949 principi
1217 863 1320 931 cives.
1368 863 1460 929 Dabis

307 977 493 1063 congiaria,
541 978 569 1042 si
604 975 716 1056 voles;
753 976 939 1062 praestabis
974 975 1147 1056 alimenta,
1184 977 1211 1042 si
1246 977 1361 1044 voles:
1395 977 1465 1043 illi

307 1096 468 1156 tamen
492 1095 764 1176 propterte
788 1091 1464 1178 nascuntur.’'-Numeriquoque

308 1201 452 1269 notandi
475 1209 564 1268 sunt.
611 1202 749 1268 Veleiae
773 1203 871 1288 pueri
887 1202 1032 1288 legitimi
1049 1203 1329 1269 sustentabantur
1341 1204 1465 1270 ducenti

309 1315 537 1402 quadraginta
571 1315 735 1401 quinque,
770 1314 905 1402 puellae
939 1316 1114 1401 legitimae
1149 1337 1219 1383 non
1250 1317 1317 1383 nisi
1340 1317 1466 1402 triginta
1526 1383 1527 1388 ,

309 1434 479 1516 quattuor.
538 1428 637 1507 Quod
673 1429 717 1494 ad
750 1427 943 1495 subsidium
977 1431 1092 1517 ipsum
1129 1431 1260 1512 attinet,
1294 1432 1391 1517 pueri
1425 1430 1467 1495 1111
1523 1474 1527 1494 -.

309 1541 369 1607 HS
403 1542 560 1623 sedecim,
596 1541 730 1629 puellae
766 1563 836 1609 uon
870 1543 935 1608 nisi
975 1543 1157 1610 duodecim
1192 1565 1330 1630 quoque
1363 1565 1464 1610 mense

309 1655 531 1742 accipiebant.
577 1655 769 1723 Alebantur
792 1657 930 1743 utrique
956 1678 1062 1744 usque
1086 1649 1129 1722 ad
1141 1657 1369 1743 pubertatem,
1382 1657 1464 1744 pueri

310 1790 418 1855 usque
455 1770 498 1835 ad
533 1769 707 1837 decimum
742 1777 913 1852 octavum,
949 1769 1083 1856 puellae
1117 1771 1293 1857 usquead
1320 1778 1466 1858 quartum

309 1883 483 1950 decimum
507 1905 650 1950 annum.
675 1882 700 1969 ¹)
746 1885 886 1950 Praeter
909 1905 1036 1970 paucos
1060 1890 1174 1950 autem
1190 1884 1335 1970 ingenui
1347 1890 1466 1950 tanturn

310 1996 354 2063 ad
378 1996 543 2063 alimenta
567 1998 728 2064 videntur
750 1997 891 2078 admissi
914 2019 994 2064 esse.
1018 1995 1045 2084 9)

353 2111 498 2177 Etiamsi
531 2112 637 2196 igitur
673 2111 824 2177 Romani
860 2110 1031 2197 principes
1064 2110 1101 2175 in
1133 2109 1307 2177 alimentis
1345 2131 1466 2199 quoque

309 2231 388 2291 ante
412 2225 529 2292 omnia
551 2225 734 2290 utilitatem
748 2231 914 2312 spectasse
928 2223 1149 2289 existimandi
1161 2224 1238 2304 sint,
1253 2224 1464 2291 nihilominus
1529 2311 1530 2318 ἵ

310 2338 543 2404 misericordia
579 2338 729 2425 quadam
758 2339 911 2405 humana
935 2360 991 2404 eos
1014 2337 1117 2418 simul
1141 2337 1261 2403 ductos
1283 2338 1384 2404 fuisse
1408 2358 1466 2402 non

309 2433 519 2535 negaberim.
544 2450 570 2536 8)
616 2453 767 2538 Tempus
791 2458 872 2532 erat,
895 2473 975 2518 cum
999 2450 1181 2517 hominum
1206 2450 1466 2517 mentesimbue·
1529 2441 1530 2512 1

311 2563 369 2629 bat
402 2564 569 2651 sapientia
592 2564 724 2646 Stoica3
750 2587 837 2652 quae
862 2565 940 2632 licet
964 2587 984 2630 a
1007 2564 1202 2630 Christiana
1220 2563 1385 2651 religione
1408 2585 1465 2629 non

310 2677 454 2764 paulum
488 2678 702 2765 discreparet,
736 2678 785 2744 ita
807 2685 923 2745 tamen
946 2678 1127 2744 ambarum
1151 2677 1385 2744 doctrinarum
1407 2681 1467 2742 erat

311 2792 453 2879 quidam
486 2793 582 2878 quasi
607 2813 790 2859 consensus
812 2797 1076 2878 concentusque,
1101 2797 1138 2856 ut
1161 2797 1308 2878 utraque
1332 2791 1467 2857 multum
1530 2875 1531 2898 Χ

310 2907 439 2974 valeret
461 2906 503 2972 ad
528 2907 711 2973 hominum
734 2913 866 2972 mentes
889 2906 988 2972 mites
1004 2911 1037 2971 et
1049 2911 1245 2970 mansuetas
1257 2905 1434 2972 faciendas.
1445 2904 1467 2986 ⁴)
1530 2901 1531 2932 ³

309 3020 502 3088 Benevolus
524 3021 773 3107 imperatorum
799 3020 935 3086 animus
958 3025 1073 3105 aperte
1098 3018 1208 3084 elucet
1231 3040 1274 3084 ex
1291 3018 1397 3084 titulis
1410 3037 1466 3082 non

312 3191 504 3207 „ffi-——a

347 3295 364 3354 ¹)
396 3294 493 3358 Ulpian.
520 3295 574 3358 Dig.
601 3295 726 3352 llllllllll,
754 3295 776 3351 l,
805 3295 843 3352 l4,
871 3295 900 3342 l:
929 3294 1013 3358 ,Certe
1032 3293 1052 3342 11
1071 3310 1144 3357 usque
1161 3293 1190 3341 ad
1207 3291 1353 3358 pubertatem
1370 3294 1467 3343 alimenta

311 3377 483 3441 relinquantur,
501 3377 520 3424 si
538 3377 592 3440 quis
607 3376 740 3440 exemplum
758 3377 934 3436 alimentorum,
952 3393 1011 3441 quae
1028 3377 1118 3424 dudum
1136 3376 1216 3439 pueris
1228 3380 1251 3424 et
1261 3376 1350 3440 puellis
1359 3377 1467 3430 dabantur,

310 3459 368 3508 velit
393 3461 467 3524 aequi,
493 3460 552 3508 sciat
578 3459 727 3508 Hadrianum
754 3460 913 3519 constituisse,
940 3464 965 3509 ut
991 3460 1059 3524 pueri
1086 3475 1160 3524 usque
1182 3459 1211 3507 ad
1228 3459 1347 3508 decimum
1364 3463 1466 3512 octavum,

310 3542 403 3608 puellae
428 3559 501 3607 usque
524 3543 554 3591 ad
580 3547 691 3606 quartum
717 3543 835 3592 decimum
853 3559 941 3591 annum
959 3543 1061 3600 alantur,
1079 3543 1178 3591 athana
1195 3543 1296 3591 sormam
1313 3543 1342 3591 ab
1361 3541 1467 3590 Hadriano

309 3627 387 3676 datam
412 3626 579 3675 observandam
596 3642 645 3675 1111
661 3626 787 3689 imperator
802 3632 881 3675 noster
899 3627 1024 3691 rescripsit.
1042 3626 1083 3674 sed
1098 3626 1143 3674 etsi
1160 3625 1300 3689 generaliter
1314 3625 1419 3690 pubertas
1427 3638 1466 3671 aon

310 3711 343 3759 sic
368 3711 486 3769 definitur,
512 3714 590 3759 tanren
616 3710 709 3774 pietatis
732 3710 822 3759 intuitu
840 3711 866 3758 in
884 3710 933 3758 sola
951 3709 1027 3774 specie
1043 3709 1208 3758 alimentorum
1228 3708 1272 3757 hoc
1288 3713 1381 3774 tempus
1397 3706 1467 3756 1111111

308 3809 357 3842 esse
379 3794 550 3844 observandum
567 3810 615 3842 non
632 3797 667 3842 est
684 3791 807 3842 incivilc.''
841 3792 1046 3842 Tarracinensium
1063 3793 1142 3857 pueris
1160 3795 1269 3856 „uaq(ue)
1286 3787 1466 3841 adaunoalllll’'

309 3876 410 3940 singulis
432 3878 553 3926 mensibus
578 3877 668 3926 denarii
696 3877 715 3922 V
741 3875 857 3925 dabantur
874 3875 1043 3924 alimentorum
1057 3875 1159 3923 nomine.
1194 3875 1239 3932 (De
1257 3874 1300 3923 hac
1318 3871 1466 3923 munificentia

308 3965 385 4008 tamen
404 3977 441 4009 me
458 3960 577 4010 dicturum
594 3976 643 4008 1111
661 3960 686 4008 11
704 3959 775 4007 huius
794 3958 851 4007 libri
868 3959 938 4007 tertia
954 3963 1019 4022 parte
1037 3973 1106 4021 supra
1123 3958 1170 4006 iarn
1188 3958 1288 4015 111111.)

342 4043 362 4102 ²)
395 4043 431 4091 Ol.
458 4044 554 4092 Henaen
580 4043 597 4094 l.
612 4042 628 4092 l.
654 4058 705 4107 pag.
730 4041 778 4098 32;
797 4042 874 4105 Marq.
892 4042 946 4090 StV.
965 4041 1001 4089 11²
1016 4057 1067 4105 pag.
1087 4041 1150 4099 145;
1170 4041 1281 4090 Momms.
1299 4041 1353 4089 ssa.
1371 4039 1405 4088 lll
1421 4051 1465 4101 pag.

308 4127 356 4178 447
375 4141 423 4190 aeq.
441 4126 504 4186 (vide
520 4142 592 4191 supra
609 4142 660 4190 pag.
679 4125 726 4174 159
745 4140 800 4173 oum
817 4124 870 4173 adn.
890 4126 922 4184 5.)

341 4208 361 4269 ³)
396 4208 427 4256 cf
450 4209 558 4258 Prooem.
576 4225 628 4273 pag.
648 4209 687 4256 14.

341 4292 363 4352 ⁴)
398 4291 432 4339 Dc
448 4291 492 4340 hoc
509 4291 559 4339 loco
577 4291 647 4356 paulo
665 4291 735 4355 plura
752 4290 801 4339 diri
819 4290 845 4338 11
861 4291 968 4339 Prooem.
986 4306 1037 4354 pag.
1057 4290 1087 4338 13
1105 4305 1169 4354 seqq.
