3122 5130
477 1763 616 1828 LIBER
641 1761 805 1827 ALTER.

132 2011 201 2066 QUO
225 2010 360 2056 AGITUR
383 2010 429 2054 Du
452 2009 507 2069 IIS,
532 2008 593 2064 QUI
617 2009 662 2054 UT
685 2007 876 2054 PAUPERUM
899 2006 1143 2052 CONDIOIONEM

249 2123 433 2168 MELIOREM
457 2121 641 2166 FACERENT
665 2121 808 2166 OPERAM
831 2121 1031 2166 DEDERUNT.

487 2353 606 2402 PARS
631 2352 796 2402 PRIMA.

127 2543 244 2607 Num
277 2543 564 2607 sacerdotes
598 2563 867 2629 pauperum
902 2541 1148 2606 rationem

526 2655 772 2721 duxerint.

102 2881 143 2946 Iu
165 2882 347 2947 Prooemio
361 2880 386 2968 ¹)
408 2882 478 2946 iam
502 2882 712 2948 mentionem
725 2882 789 2946 feei
804 2881 845 2946 de
858 2902 945 2966 pane
959 2880 1109 2966 quodam
1122 2901 1226 2966 quem

65 2992 165 3060 Varro
207 2995 292 3061 dioit
327 2994 446 3059 datum
470 3016 539 3060 esse
570 2995 778 3081 quibusdam
802 2994 934 3059 miseris
957 3015 1019 3080 ope
1043 2992 1225 3078 indigenti-

65 3105 129 3172 bus.
175 3109 246 3174 Res
280 3108 405 3173 tradita
439 3115 489 3174 est
519 3108 673 3174 aNonio
698 3108 795 3173 ouius
818 3107 880 3172 sub
904 3128 987 3173 voce
1011 3107 1154 3172 Pandere
1178 3127 1225 3172 se-

66 3223 198 3306 quentia
232 3220 339 3288 verba
360 3221 483 3287 laudo:
512 3240 696 3301 „Pnnnnnn
721 3222 829 3287 Varro
858 3221 1030 3286 existimat
1057 3242 1097 3285 ea
1124 3241 1225 3285 eausa

65 3333 134 3416 diei,
166 3335 261 3422 quod
291 3335 350 3422 qui
373 3357 435 3420 ope
459 3335 653 3419 indigerent
674 3342 707 3400 et
730 3335 774 3399 ad
797 3334 932 3420 asylum
956 3334 1086 3399 Cereris
1109 3333 1225 3398 confu-

64 3447 183 3530 gissent
206 3449 307 3535 panis
329 3450 358 3513 is
381 3448 517 3514 daretur
541 3449 580 3535 [p
593 3469 613 3512 a
624 3471 645 3512 n
660 3449 682 3512 d
695 3471 712 3513 e
726 3470 771 3513 re
788 3470 868 3533 ergo
882 3448 978 3533 quasi
990 3468 1116 3533 panem
1128 3445 1225 3531 dare]

65 3560 101 3626 de
133 3563 205 3628 vita
233 3560 354 3648 populi
389 3561 537 3626 Romani
571 3562 628 3628 lib.
653 3562 691 3626 I:
727 3561 817 3627 hano
853 3562 965 3626 deam*
986 3559 1105 3626 Aelius
1127 3564 1226 3645 putat

64 3695 127 3739 esse
161 3675 344 3755 Cererem3
380 3675 437 3740 sed
463 3675 554 3760 quod
576 3675 613 3739 in
633 3674 768 3760 asylum
792 3675 851 3761 qui
875 3674 1105 3758 confugissent
1127 3672 1225 3758 panis

63 3786 88 3850 is
108 3788 254 3868 daretur,
279 3809 349 3853 esse
373 3810 501 3853 nomen
524 3788 645 3853 fiotum
669 3810 688 3854 a
712 3811 799 3875 pano
824 3788 950 3867 dand03
975 3784 1113 3871 etquod
1125 3806 1223 3848 num-

65 3920 162 3983 quam
197 3903 319 3966 fanum
353 3900 478 3966 talibus
501 3902 724 3982 clauderetur,
749 3903 869 3967 dietam
892 3899 1107 3987 pandere
1132 3898 1224 3984 quod

64 4019 107 4077 est
140 4015 304 4101 aperire.''
333 4013 358 4101 2)
393 4015 461 4080 Res
496 4016 700 4102 perantiqua
736 4021 768 4079 et
802 4013 917 4094 verba,
953 4013 1224 4093 credonensis

65 4146 250 4160 *ᾖ

97 4205 102 4234 ι
189 4246 193 4255 .
213 4209 236 4255 g,
931 4237 934 4243 ,

94 4207 112 4346 ‘i
137 4222 237 4350 iiiiiius,
256 4306 309 4355 pag.
329 4290 360 4338 60
378 4290 421 4338 Ed.
439 4291 496 4340 Lue.
515 4290 604 4339 Mulier
621 4294 680 4355 (pag.
699 4292 731 4337 44
749 4289 803 4338 edit.
823 4256 994 4348 Mereerionoe).
