3040 5134
596 579 658 642 111

39 773 206 837 magnam
238 761 369 841 partem
403 755 440 820 in
475 755 579 821 servis
613 756 714 822 fuisse
750 755 959 822 collocatam.
985 753 1010 842 ¹)
1045 753 1208 820 Rationes

38 864 116 931 illae
143 868 299 953 quamvis
319 869 457 934 fortasse
481 869 635 953 egregiae
660 875 771 935 essent
794 868 838 934 ad
855 889 935 956 opes
947 867 1205 954 comparandas,
1245 945 1248 952 Δ

39 977 156 1036 tamen
179 993 259 1038 oum
282 973 539 1038 fructuoso
563 974 729 1059 pecuniae
754 995 819 1040 usu
843 972 1049 1061 -qualem
1073 993 1134 1038 nos
1155 994 1207 1038 ao-

39 1084 184 1171 eipimus
206 1124 250 1135 —
272 1087 473 1152 coniunctae
497 1087 598 1151 fuisse
622 1087 689 1153 diei
706 1109 776 1152 non
789 1093 938 1174 possunt.
953 1085 980 1173 ²)
996 1085 1090 1164 Quin
1103 1086 1207 1151 etiam

39 1200 251 1264 commerciis
284 1199 521 1265 Romanorum
554 1204 594 1264 ut
619 1201 667 1266 ita
690 1200 803 1266 dioarn
826 1206 949 1265 natura
972 1206 1045 1265 erat
1068 1199 1206 1286 propria

40 1317 72 1375 et
94 1333 174 1378 sua:
199 1334 329 1378 meroes
340 1319 477 1378 tantum
487 1313 729 1400 importabant,
744 1313 831 1378 nihil
843 1313 912 1379 fere
926 1310 1164 1399 exportabant.
1179 1309 1206 1398 8)

83 1426 287 1492 Notionibus
320 1426 576 1514 rationibusque
612 1427 761 1512 cognitis·
779 1448 867 1514 quae
890 1426 927 1491 in
950 1448 986 1491 re
1009 1426 1207 1513 pecuniaria

40 1539 281 1623 praevalebant
304 1541 397 1626 apud
420 1541 588 1628 antiquos,
613 1562 694 1606 oum
717 1539 819 1606 simul
843 1546 920 1605 ante
945 1539 1060 1605 oeulos
1084 1539 1207 1606 habea-

42 1673 117 1717 mus
150 1660 319 1740 quantum
353 1655 502 1719 Romani
535 1661 568 1720 et
596 1654 709 1720 decori
733 1659 844 1718 essent
867 1653 1008 1719 studiosi
1033 1658 1067 1718 et
1091 1675 1207 1719 rursus

42 1765 231 1832 avidissime
255 1773 455 1854 appeterent
477 1768 623 1849 divitias,
647 1767 717 1832 iam
739 1766 978 1851 intellegemus
1001 1788 1071 1833 non
1096 1767 1208 1833 solum

42 1880 194 1945 omniurn
229 1880 307 1946 odia
335 1881 452 1946 arsisse
475 1881 512 1947 in
535 1881 771 1962 faeneratores,
797 1880 1049 1947 verumetiam
1072 1880 1206 1947 crebras

43 1990 130 2076 leges
162 1993 264 2059 fuisse
298 1993 384 2059 latas
418 2016 506 2080 quae
541 1994 723 2062 avaritiam
747 1993 946 2061 cohiberent
970 1999 1004 2060 et
1026 2015 1209 2060 usurarum

42 2262 98 2306 certe
123 2263 227 2323 tempora
252 2259 357 2308 addenda
381 2259 442 2308 mihi
465 2260 583 2317 videntur,
609 2276 663 2308 eum
690 2260 799 2309 homines
821 2261 901 2324 praela
922 2261 1026 2309 conteuti
1045 2263 1150 2311 nondum
1168 2262 1207 2312 illi

43 2342 132 2403 quidem
158 2343 248 2391 multos
272 2359 350 2390 servos
373 2342 489 2391 habebant
514 2345 552 2403 (el.
571 2359 623 2407 pag.
643 2344 672 2390 31
691 2347 759 2407 seq.),
778 2347 802 2394 ut
819 2359 891 2406 paene
908 2345 1092 2409 omnia-quibus
1109 2347 1206 2410 egebunt

41 2424 83 2486 ipsi
108 2425 261 2474 conficiebant
286 2441 340 2473 oum
358 2425 416 2474 filiis
433 2426 471 2487 (ol.
489 2442 540 2489 pag.
560 2427 592 2474 26
609 2429 667 2489 seq.)
686 2454 717 2463 -
734 2427 865 2476 concedunt
882 2427 995 2475 nonnulli
1013 2430 1160 2487 recentiores,
1178 2436 1206 2481 ut

42 2506 93 2556 Max
117 2509 201 2558 Weber
227 2509 304 2571 (Rom.
331 2509 484 2572 Agrargesoh.
501 2525 552 2573 pag.
580 2510 637 2570 241)
654 2513 677 2560 et
695 2511 723 2558 Ε.
741 2510 825 2575 Meyer
841 2511 1006 2572 (Wirtsohaftl.
1025 2512 1163 2563 Entwickel.
1182 2517 1205 2567 d.

42 2590 121 2640 Altert.
140 2607 190 2656 pag.
210 2592 222 2639 l
242 2595 322 2655 seqq).
349 2591 442 2640 Weberi
460 2592 531 2640 verba
548 2593 683 2640 haeosunt:
702 2593 1057 2658 1,111111111111111111,,011οε”,
1069 2597 1205 2648 aufwelche

42 2673 167 2723 Radbertus
185 2675 223 2739 [in
240 2674 338 2723 Jahrbb.
356 2675 372 2722 1.
391 2674 572 2723 Nationeliikou.
591 2691 613 2723 u.
632 2676 738 2734 Stetist.;
757 2677 785 2723 ol.
803 2675 923 2739 imprimis
942 2676 1004 2740 „Zur
1021 2678 1102 2728 Gesoh.
1113 2681 1135 2729 d.
1146 2685 1204 2732 rom.

42 2756 212 2806 Tributsteueru
230 2758 276 2806 seit
301 2757 445 2821 Augustua'’,
468 2757 783 2822 1(V01.1v(1865),pag
810 2759 857 2806 339
875 2759 960 2822 seqqt]
981 2799 985 2808 .
1005 2797 1010 2808 .
1030 2797 1035 2808 .
1053 2761 1098 2810 den
1115 2779 1204 2826 gesun-

41 2843 75 2887 ten
100 2843 165 2903 Gang
189 2842 231 2889 der
256 2840 353 2889 antiken
378 2840 663 2904 Wirtschsltsgesohiehte
687 2842 794 2904 griindet‚
821 2840 908 2889 welche
933 2841 988 2890 aber
1013 2844 1073 2892 uach
1090 2845 1142 2893 ihm
1159 2849 1205 2897 mit

42 2921 77 2969 tler
101 2923 228 2972 Kaiserzeit
254 2923 289 2971 im
314 2923 495 2972 Verschwindon
521 2923 633 2986 begrillen
660 2925 710 2972 sein
736 2927 832 2979 minate,
859 2940 908 2972 war
932 2923 982 2972 also
1008 2928 1050 2974 auf
1073 2928 1203 2979 (1111111111-

43 3001 113 3053 lichen
142 3005 378 3069 Gruudbesitzungen
409 3022 464 3054 zum
489 3006 656 3054 wesentlioheu
687 3005 740 3054 Teil
765 3010 813 3054 erat
839 3007 1137 3073 Entwiekelungsprodukt
1154 3013 1204 3073 (der

43 3085 196 3147 llaiserzeit).’'

74 3171 89 3230 1)
106 3172 181 3235 Marq.
200 3171 217 3220 1.
236 3171 254 3219 1.

71 3253 88 3312 ²)
106 3271 128 3304 v.
145 3253 227 3302 Soheel
244 3253 261 3302 1.
279 3254 297 3302 1.
315 3270 367 3318 pag.
386 3255 432 3303 21:
452 3255 520 3320 „wir
536 3255 615 3304 finden
632 3255 659 3303 in
676 3255 718 3304 der
735 3255 867 3304 romischeu
890 3256 1203 3324 Gesohichtenirgeudsdeu

43 3333 123 3399 Begriff
144 3337 183 3386 des
202 3337 357 3402 productiveu
373 3336 490 3401 Kapitals,
508 3338 609 3386 sondern
626 3354 673 3386 nur
690 3338 716 3386 in
733 3339 931 3388 Tausehwertheu
950 3340 1090 3390 bestehende
1107 3344 1203 3409 Kapito-

43 3415 99 3467 lien:
125 3437 180 3477 sors,
207 3423 285 3483 oeput,
311 3421 418 3484 pecunia.
444 3421 476 3469 Es
501 3421 562 3469 wird
589 3421 652 3470 wohl
668 3422 729 3470 auolr
748 3437 793 3470 von
811 3423 889 3472 eiuem
907 3423 992 3473 vivum
1009 3427 1151 3490 gesproohen
1169 3430 1204 3478 im

43 3499 158 3564 Gegensatz
178 3519 206 3551 zu
228 3503 340 3566 pecuniae
358 3503 450 3560 otiosae,
477 3503 532 3552 aber
549 3520 573 3552 es
591 3505 622 3553 ist
640 3505 726 3552 immer
743 3521 789 3552 nur
806 3505 891 3553 Zinsen
910 3508 1032 3570 trageurles
1050 3509 1118 3568 Gelu,
1135 3512 1204 3562 nieht

41 3580 170 3649 lebendiges,
196 3586 348 3649 productiva
373 3585 477 3650 Kapital.
512 3587 590 3635 Daher
618 3588 710 3636 werden
728 3588 788 3635 auoh
806 3589 844 3636 die
861 3589 948 3637 Ziusen
965 3591 1033 3639 nieht
1049 3591 1083 3640 als
1102 3593 1203 3644 Friiehte

42 3666 76 3714 des
99 3669 203 3733 Kapitala
229 3669 366 3727 betraohtet,
383 3670 446 3717 deun
463 3669 503 3718 das
530 3670 588 3718 Gold
606 3671 638 3719 ist
654 3671 721 3719 nieht
738 3687 780 3718 zur
797 3671 942 3721 Productiou
959 3671 1087 3724 bestimmt.
1122 3677 1154 3724 Es
1171 3677 1203 3726 ist

43 3753 104 3799 etwas
118 3753 167 3800 rein
184 3751 385 3801 Consumtibles.’'

71 3833 92 3897 ²)
109 3835 189 3884 strabo
216 3835 295 3892 XVII,
323 3835 345 3893 l,
373 3835 403 3886 7:
432 3836 545 3922 araim
575 3833 607 3895 δὲ
637 3837 686 3898 καὶ
712 3835 752 3896 τὰ
773 3834 987 3914 ἒκκομιζόμενα
1007 3835 1040 3917 ἓξ
1061 3839 1202 3920 Ἀλεξαν-

43 3921 127 3996 δρείας
155 3931 248 3987 πλείω
276 3935 335 3986 τῶν
354 3931 597 4008 εἰσκομιζομένων
617 3930 696 3991 ἐστι’·
718 3936 801 4009 γνοίη
820 3934 847 3994 δ’
868 3933 904 3992 ἄν
923 3955 969 4004 τις
988 3931 1018 3994 ἔν
1037 3954 1072 3993 τε
1091 3944 1131 4023 τῇ
1151 3939 1201 3998 Ἀ-

44 4019 198 4104 λεξανὸρείᾳ
230 4023 279 4086 καὶ
309 4033 347 4111 τῇ
373 4027 567 4108 Δικαιαρχείᾳ
598 4029 765 4104 γενόμενος,
797 4030 868 4103 ὁρῶν
888 4027 944 4098 τὰς
965 4029 1098 4100 ὁλκάδας
1117 4031 1147 4093 ἔν
1167 4055 1201 4094 τε

44 4121 78 4190 τῷ
96 4123 242 4198 κατάπλῳ
263 4121 312 4182 καὶ
332 4119 361 4180 ἓν
381 4131 446 4192 ταῖς
466 4123 638 4199 ἀναγωγαῖς
659 4123 728 4184 ὅσον
747 4124 910 4200 &puerperi
930 4145 964 4184 τε
975 4125 1023 4188 καὶ
1034 4129 1202 4208 κουφότεραι

43 4208 111 4287 δεῦρο
130 4216 249 4280 κάκεῖσε
271 4217 414 4278 πλέοιεν,”
433 4221 470 4268 Cf.
487 4237 510 4270 v.
529 4220 610 4269 Soheel
628 4221 645 4270 l.
663 4222 679 4271 l.
698 4239 751 4286 pag.
771 4223 819 4279 223
840 4222 952 4270 Momms.
962 4223 991 4273 R.
1007 4225 1035 4275 G.
1044 4225 1128 4292 ΡΜ.
1139 4227 1199 4288 8545

44 4305 101 4372 loigl
118 4312 143 4362 in
159 4314 201 4365 Iw.
221 4331 244 4364 v.
263 4313 321 4363 M.’s
337 4315 432 4364 Handb.
453 4315 494 4372 IV,
513 4312 548 4374 2²,
565 4331 617 4379 pag.
636 4315 692 4366 376.
