3122 5130
861 593 903 656 24

291 773 374 837 titur
406 773 542 852 veritas,
579 776 696 836 tamen
730 792 800 835 non
834 770 944 851 vide0,
980 791 1145 835 curcum
1169 769 1350 838 Fustelde
1374 769 1466 834 Gou-

290 885 418 970 langes,
458 883 483 971 ¹)
506 885 603 950 cuius
627 884 815 970 opinionon
837 884 924 948 Ibne
948 883 973 970 2)
998 883 1141 969 probare
1166 885 1313 964 videtur,
1338 884 1465 948 buma-

292 999 424 1063 niorem
452 999 541 1062 hanc
563 997 860 1076 necessitudinem,
887 1018 974 1083 quae
998 998 1152 1082 patronis
1176 1020 1257 1064 cum
1280 996 1465 1062 clientibus

290 1111 515 1176 intercessisse
551 1117 717 1191 narratur,
754 1111 895 1196 propius
931 1132 951 1175 a
981 1109 1098 1175 fabula
1124 1132 1229 1197 quam
1252 1109 1295 1176 ab
1320 1110 1464 1175 historia

292 1223 406 1290 abesse
430 1230 599 1310 putemus,

335 1336 454 1402 Plebei
475 1337 581 1422 igitur
605 1337 702 1422 quasi
725 1342 835 1401 essent
859 1336 1029 1422 peregrini
1052 1336 1150 1402 initio
1171 1337 1316 1423 publicis
1327 1335 1463 1401 iuribus

291 1450 461 1516 carebant.
508 1450 661 1534 Regibus
696 1449 823 1515 exactis
858 1456 982 1530 autern,
1021 1472 1064 1514 ne
1100 1449 1196 1535 plebs
1220 1473 1240 1516 a
1263 1472 1298 1515 re
1322 1448 1463 1536 publica

290 1562 398 1629 libera
420 1562 627 1643 abhorreret,
652 1563 683 1628 ei
706 1585 816 1649 pauca
837 1563 914 1628 iura
937 1570 1175 1628 concesserunt
1198 1564 1333 1649 patricii
1354 1563 1462 1642 „mul-

291 1683 393 1763 taque
429 1675 665 1742 blandimenta
698 1698 759 1762 per
792 1677 828 1741 id
862 1683 998 1762 tempus
1033 1677 1232 1742 dederunt.''
1257 1675 1283 1763 8)
1319 1677 1413 1755 Quae
1439 1699 1461 1742 a

290 1790 407 1856 Servio
443 1790 556 1855 Tullio
591 1811 669 1874 rege
709 1791 864 1856 instituta
888 1812 958 1855 esse
983 1791 1106 1870 ferunt,
1133 1791 1192 1876 qui
1215 1797 1287 1855 tam
1311 1789 1461 1876 plebeios

291 1925 396 1991 quam
419 1904 577 1990 patricios
600 1926 661 1990 pro
685 1904 851 1990 cuiusque
876 1925 980 1969 consu
1003 1904 1041 1967 in
1068 1905 1239 1969 centurias
1255 1903 1461 1989 discripsisse

290 2024 457 2098 narratur,
495 2040 535 2083 ea
570 2025 651 2082 tunc
687 2018 849 2084 videntur
883 2039 953 2082 esse
985 2023 1153 2082 renovata
1175 2015 1231 2083 vel
1254 2016 1402 2081 stabilita
1422 2017 1460 2102 4).

289 2131 403 2196 immo
427 2153 507 2196 cum
523 2153 584 2196 rex
596 2130 652 2195 iile
666 2153 736 2196 non
749 2131 813 2195 nisi
828 2130 909 2195 belli
923 2151 1024 2194 usum
1038 2130 1460 2215 respexissetmuneraque

290 2251 426 2308 tantum
449 2243 665 2330 imposuisset
690 2243 830 2329 plebeis
854 2249 937 2308 tunc
960 2243 1031 2308 iam
1046 2243 1226 2308 commoda
1239 2244 1407 2329 quaedam
1418 2243 1477 2320 iis

290 2357 516 2441 contigerunt.
564 2357 641 2421 Hoc
665 2357 805 2421 initium
829 2364 900 2422 erat
923 2379 1031 2423 novae
1056 2356 1105 2422 rei
1115 2355 1271 2442 publicae
1284 2357 1412 2422 formae
1422 2357 1458 2442 ⁵).

290 2469 403 2534 Antea
425 2469 560 2556 patricii
584 2469 647 2534 soli
672 2470 764 2536 cives
787 2470 943 2536 fuerant:
968 2476 1050 2536 tunc
1074 2469 1202 2556 plebeis
1224 2469 1262 2533 in
1285 2470 1460 2535 civitatem

290 2583 437 2668 acceptis
466 2583 619 2670 nascenti
643 2583 692 2648 rei
716 2582 874 2669 publicae
898 2605 961 2649 nec
985 2585 1064 2648 satis
1088 2584 1224 2650 aduitae
1237 2605 1346 2650 novae
1360 2583 1460 2648 adde-

290 2696 416 2762 bantur
439 2695 529 2762 vires
552 2696 764 2783 minimeque
789 2696 1010 2782 spernendae.
1057 2699 1264 2785 Priusquam
1283 2705 1400 2762 tamen
1422 2697 1459 2760 in

291 2831 410 2896 parem
432 2809 515 2874 iuris
536 2810 773 2875 condicionem
795 2811 1036 2896 reciperentur,
1060 2811 1188 2896 plebeis
1211 2811 1270 2875 diu
1294 2817 1328 2875 et
1340 2811 1461 2876 acriter

291 2944 371 2988 cum
395 2923 546 3009 patriciis
569 2929 641 2988 erat
665 2923 878 2988 certandum.

301 3112 303 3116 .
336 3037 524 3123 Postquam
549 3037 589 3102 de
613 3037 807 3108 incolarum
830 3037 1012 3122 generibus
1036 3060 1145 3124 pauca
1169 3038 1377 3117 monuimus,
1393 3037 1462 3100 iarn

292 3150 528 3237 quaerendum
550 3150 688 3216 videtur
711 3173 798 3237 quae
823 3151 925 3216 fuerit
948 3152 1173 3237 pecuniarum
1197 3151 1282 3215 ratio
1302 3150 1460 3234 vitaeque

293 3263 446 3329 condicio
470 3263 661 3348 priscorum
684 3263 823 3329 illorum
846 3265 1093 3330 Romanorum.

336 3376 530 3441 Mommsen
561 3377 643 3442 dicit
666 3376 691 3463 6)
716 3378 889 3444 Ronrauos
912 3378 1013 3462 longo
1038 3376 1135 3442 aliter
1158 3400 1196 3442 ac
1221 3384 1347 3442 ceteros
1370 3375 1458 3440 Lati-

293 3511 364 3570 nos,
399 3491 458 3575 qui
482 3491 622 3556 vicatim
645 3490 841 3556 habitarent
864 3491 900 3578 7),
925 3492 1004 3556 inde
1028 3513 1048 3557 a
1071 3489 1307 3557 vetustissimis
1329 3497 1457 3574 tempo-

291 3601 385 3668 ribus
409 3624 516 3688 genus
539 3604 629 3670 vitae
655 3605 753 3670 civile
778 3605 967 3671 admodum
989 3605 1173 3670 instituisse
1198 3611 1230 3669 et
1251 3603 1388 3668 emendi
1400 3611 1459 3667 aut

294 3748 485 3756 ————-.

326 3814 343 3875 1)
361 3814 443 3862 Fustcl
460 3815 488 3864 de
505 3813 644 3878 Conlanges,
662 3816 695 3863 La
711 3814 758 3864 cite
774 3817 889 3881 antique,
908 3832 958 3880 pag.
978 3817 1034 3864 306.

323 3895 418 3957 2)Ι1ιιιθ
436 3899 464 3946 R.
483 3897 512 3947 G.
530 3897 554 3946 1²
571 3913 622 3962 pag.
641 3899 673 3946 94
691 3915 738 3961 seq.

301 4021 302 4026 ,
323 3979 343 4039 3)
361 3980 413 4028 Liv.
431 3980 464 4037 II,
483 3982 506 4038 9,
526 3981 566 4028 16,

323 4063 342 4123 ⁴)
360 4062 473 4126 Schwcgl.
491 4064 520 4112 R.
538 4063 566 4111 G.
587 4064 611 4113 ΙΙ
628 4080 679 4128 pag.
700 4063 763 4121 107;
781 4065 859 4128 Lange
877 4065 945 4112 Rom.
964 4063 1014 4112 Alc.
1033 4063 1057 4111 1³
1078 4079 1130 4126 pag.
1150 4063 1205 4114 574.

325 4145 343 4206 ⁶)
359 4145 472 4194 Momms.
491 4147 548 4194 sta.
566 4146 606 4195 111
624 4163 676 4210 pag.
696 4146 743 4198 127
761 4163 839 4212 scqq.;
858 4148 887 4195 R.
906 4145 934 4194 G.
952 4145 975 4194 1⁸
993 4162 1043 4210 pag.
1063 4145 1111 4194 253
1129 4161 1200 4209 seqq,
1219 4145 1275 4194 258.

323 4228 343 4288 6)
361 4229 389 4276 R.
409 4227 438 4276 G.
456 4227 481 4277 Ι8
499 4244 550 4292 pag.
568 4228 626 4280 47.-

323 4310 342 4372 7)
360 4311 436 4374 Marq.
455 4312 510 4360 StV.
527 4310 550 4359 1²
568 4327 619 4375 pag.
640 4312 650 4360 1
671 4327 733 4376 seqq.
744 4332 750 4370 ;
769 4312 819 4360 Liv.
838 4312 870 4370 Π,
889 4312 928 4371 62,
947 4311 1119 4369 4;Dion.11,
1138 4311 1186 4367 49;
1205 4309 1269 4359 Plut.
1288 4310 1355 4358 Rom.
1376 4311 1414 4359 16.
