3040 5134
859 619 923 685 148

226 862 229 867 .
306 799 428 866 manae
451 798 581 866 viritim
605 797 814 885 [sequuntur
839 797 992 884 quinque
1004 794 1241 882 liberalitates]
1266 846 1274 861 .
1299 846 1307 861 .
1335 847 1342 861 .
1368 842 1376 858 .
1398 845 1404 860 .

306 913 402 992 Quae
437 935 514 979 mea
551 889 725 997 congiaria
760 911 1021 998 p[e]rvenerunt
1056 909 1098 975 ad
1134 909 1344 996 [bcmt]num
1369 907 1459 974 millia

306 1048 486 1114 nunquam
511 1026 626 1091 minus
649 1024 900 1112 quinquaginta
923 1029 957 1089 ct
981 1023 1138 1089 ducenta.
1163 1021 1457 1110 §[T]ribu[atc]iae

307 1140 481 1227 potestatis
504 1139 844 1205 duodevicensimum
867 1136 985 1204 consul
1009 1157 1064 1202 xli
1092 1136 1250 1203 trecentis
1274 1135 1457 1222 etvigintp']

307 1252 458 1319 millibus
493 1251 601 1339 plebis
631 1250 781 1317 urbanae
806 1250 993 1336 sexagenbs
1016 1249 1173 1316 denaribs
1197 1250 1327 1315 viritim
1350 1250 1458 1329 dedi.)

307 1414 513 1433 .......
554 1363 680 1431 004441
715 1364 856 1430 tertium
879 1364 1088 1451 dec[i]mum
1111 1362 1299 1448 sexagenbs
1324 1362 1459 1428 dendribs

307 1478 427 1566 plebei,
463 1501 550 1565 quae
574 1485 648 1544 tum
672 1479 885 1544 framentum
909 1478 1088 1565 publicum
1111 1476 1347 1564 accipieba[t]‚
1371 1476 1455 1548 dedi;

308 1614 347 1658 ea
368 1591 476 1658 millia
498 1592 681 1658 hominum
704 1591 819 1678 paullo
844 1591 944 1678 plura
967 1613 1073 1678 quam
1096 1591 1243 1656 ducenta
1266 1587 1458 1672 fuerunt.''¹)

307 1705 494 1774 Variantur
529 1712 562 1772 ct
596 1704 764 1772 vocabula
798 1706 910 1791 (plebea
944 1705 1093 1771 Romana
1116 1743 1160 1754 -
1180 1704 1268 1790 plebe
1289 1704 1408 1770 arban-a
1427 1738 1459 1750 —

302 1819 414 1906 ptebee,
449 1842 529 1906 quae
565 1827 632 1885 tam
661 1820 863 1904 framentum
893 1819 1060 1904 publicam
1078 1817 1260 1903 accipiebat)
1284 1824 1318 1882 et
1341 1814 1459 1881 numeri

306 1933 489 2017 (bominum
517 1933 614 1998 mitia
641 1953 809 2019 arcnqaam
832 1933 941 1998 rainae
965 1932 1203 2018 quinquaginta
1228 1937 1258 1996 et
1280 1931 1407 1996 ducenta
1426 1964 1460 1976 -

309 2054 441 2112 trecema
463 2054 492 2112 et
513 2047 631 2130 viciati
654 2047 811 2111 (41114-
835 2046 932 2110 mitia
957 2046 1124 2110 bominum
1143 2044 1244 2129 paulo
1260 2045 1360 2130 plara
1380 2064 1460 2130 qaam

306 2161 461 2247 ducenta).
486 2161 556 2226 Vix
580 2159 790 2224 credendum
815 2165 864 2224 est
883 2158 1009 2243 exiguo
1022 2157 1129 2244 spatio
1143 2177 1315 2222 annorum
1328 2155 1459 2222 maxime

308 2272 631 2360 undequadraginta
654 2270 710 2356 (ab
734 2293 824 2338 anuo
849 2294 879 2337 a.
904 2293 936 2337 u.
962 2292 989 2337 c.
1014 2271 1079 2336 710
1103 2297 1139 2330 =
1162 2291 1192 2336 a.
1217 2269 1296 2335 Ohr.
1322 2292 1354 2336 n.
1378 2269 1415 2334 44
1426 2267 1460 2332 ad

309 2408 441 2452 annum
476 2407 506 2450 a.
542 2407 575 2450 u.
611 2407 639 2451 c.
675 2385 740 2450 749
765 2412 800 2446 :
824 2408 853 2450 a.
889 2385 968 2451 Ohr.
993 2406 1027 2450 n.
1052 2383 1086 2469 5)
1110 2384 1228 2449 civium
1250 2402 1461 2449 numeruma

310 2499 465 2566 ducentis
501 2499 754 2586 quinquaginta
790 2497 929 2564 milibus
965 2498 1009 2563 ad
1044 2497 1139 2563 milia
1174 2501 1328 2563 trecenta
1355 2493 1460 2581 viginti

310 2613 464 2680 crevisse.
489 2611 514 2699 ⁹)
560 2612 662 2691 Quod
696 2613 732 2677 ni
767 2613 816 2678 ita
838 2617 933 2690 esset,
959 2611 1136 2696 Augustus
1159 2616 1198 2675 ut
1221 2609 1314 2696 leges
1337 2631 1409 2676 suas
1429 2607 1461 2672 dc

310 2726 511 2794 maritandis
546 2724 722 2792 ordinibus
758 2725 867 2813 deque
896 2726 970 2792 iure
993 2724 1180 2790 liberorum
1203 2723 1330 2811 (legem
1353 2722 1464 2789 Iuliam

310 2845 345 2906 et
378 2840 522 2927 Papiam
557 2840 767 2928 Poppaeam)
801 2839 898 2905 daret
931 2860 1001 2905 non
1027 2859 1160 2904 necesse
1185 2843 1267 2903 erat.
1293 2835 1320 2925 ⁸)
1365 2835 1464 2903 Etiam

310 3022 343 3069 At
359 3037 388 3068 ne
405 3019 423 3067 ii
441 3020 534 3084 quidem
554 3020 595 3084 qui
612 3019 638 3068 in
655 3019 733 3069 tribus
750 3022 816 3068 eraut
833 3019 919 3082 recepti
937 3035 990 3066 cum
1009 3017 1119 3082 ingenuis
1136 3017 1215 3065 eodem
1234 3015 1286 3064 iure
1304 3020 1374 3065 erant.
1399 3013 1467 3062 Liber·

310 3103 415 3152 tinorum
432 3103 484 3150 iura
501 3103 626 3151 identidem
646 3102 856 3159 imminuebantur,
875 3106 901 3151 ut
917 3117 971 3149 cum
990 3101 1031 3164 „in
1048 3103 1159 3164 quattuor
1167 3099 1261 3148 tribus''
1272 3099 1371 3148 urbanas
1380 3093 1468 3162 „redacti

311 3190 373 3243 sunt,
391 3202 444 3234 cum
463 3190 530 3234 antea
547 3185 646 3249 dispersi
664 3202 705 3249 per
722 3201 803 3234 omnes
821 3183 945 3233 fuissent.'’
972 3184 1034 3246 (Iria.
1052 3184 1104 3232 Per.
1114 3183 1166 3242 XX)
1192 3181 1468 3231 Devariislibertiuorum

311 3269 403 3317 casibus
420 3269 450 3317 cs.
469 3269 580 3316 Momms.
599 3269 653 3316 sut.
675 3269 713 3316 Ill
731 3285 783 3332 pag.
801 3269 850 3316 434
869 3284 933 3332 seqq.

346 3351 365 3410 ¹)
399 3352 465 3400 Mon.
483 3353 541 3400 linc.
559 3351 610 3400 Lat.
629 3353 652 3406 3,
671 3351 685 3402 7
704 3368 767 3416 seqq.

345 3435 365 3494 ²)
399 3434 428 3482 ln
446 3434 509 3482 hunc
526 3435 621 3482 modum
637 3434 708 3482 etiam
725 3434 812 3483 Friedl.
831 3433 983 3497 Sittengesclr.
1001 3433 1073 3480 Roma
1091 3432 1114 3480 Ii
1126 3447 1178 3496 peg.
1189 3431 1237 3480 63:
1254 3428 1470 3496 „Schwerlichlaun

312 3533 367 3566 man
394 3518 439 3566 mit
464 3517 598 3566 Mommsen
625 3517 734 3566 RGDA.¹·'
758 3533 782 3582 p.
809 3517 841 3566 00
869 3533 911 3565 444
937 3517 978 3564 der
1002 3514 1059 3563 Zahl
1077 3531 1123 3563 von
1142 3513 1249 3562 320000
1267 3514 1422 3577 Emprangern
1438 3510 1471 3558 dea

312 3601 457 3664 congiarium
483 3601 516 3649 im
541 3601 564 3650 J.
591 3601 638 3653 749
664 3617 736 3665 gagen
764 3599 870 3649 250000
896 3600 933 3648 bei
960 3600 1005 3647 (144
1033 3597 1215 3662 Vertheilungen
1241 3613 1288 3646 von
1315 3597 1362 3649 710
1379 3596 1413 3643 bis
1430 3593 1471 3646 749

313 3683 447 3741 schliessen,
473 3685 525 3732 dass
552 3701 596 3733 von
624 3684 673 3735 710
699 3684 735 3732 bis
761 3683 808 3735 749
826 3683 865 3732 414
882 3682 1027 3731 Anwachseu
1046 3683 1086 3730 der
1102 3680 1172 3729 Plebs
1190 3696 1235 3728 von
1253 3681 1295 3729 der
1311 3679 1404 3728 letntem
1422 3673 1472 3724 Zall

312 3769 354 3816 aul
368 3767 407 3816 die
420 3771 504 3816 erstere
521 3767 605 3831 erlolgt
622 3768 663 3824 sei,
680 3768 709 3816 (14
724 3767 750 3828 ja
767 3767 839 3815 echon
853 3766 901 3817 708
920 3766 991 3814 Casan
1009 3765 1057 3813 320
1068 3764 1116 3813 000
1134 3763 1406 3828 Gratislrornempfanger
1427 3774 1472 3807 vcr-
1514 3797 1515 3822 q

313 3851 369 3899 laud
387 3888 393 3900 .
412 3887 418 3900 .
437 3887 442 3898 .
462 3887 468 3899 .
494 3852 543 3899 und
569 3852 607 3899 die
628 3849 799 3914 Freigebiglreit
813 3851 918 3912 Auguste
935 3849 969 3896 im
986 3848 1009 3896 J.
1028 3847 1075 3900 749
1095 3847 1148 3895 sehr
1165 3846 1210 3894 wol
1228 3847 1280 3894 eine
1297 3843 1472 3908 auscergeubhn-
1514 3861 1515 3918 5

313 3934 374 3982 liche
391 3951 494 3997 genesen
513 3934 562 3982 4414
579 3933 668 3982 kann.’'
702 3933 752 3996 Ego
769 3938 848 3982 tamen
865 3933 945 3980 minus
963 3932 1063 3994 cogitare
1074 3931 1146 3978 velim
1156 3931 1184 3978 de
1194 3929 1374 3978 extraordinaria
1382 3926 1474 3990 quadam
1514 3937 1515 3972 3

313 4015 455 4066 liberalitate
472 4017 573 4080 Augusti
591 4033 661 4081 quam
679 4017 707 4064 de
724 4016 808 4065 multis
825 4015 990 4080 accipientium
1009 4029 1106 4062 numero
1124 4013 1185 4061 clam
1203 4008 1474 4074 14444114.(111(14ρ4441·
1514 4039 1515 4048 .

314 4114 377 4148 mam
395 4100 522 4164 paginam.)

347 4183 366 4242 ³)
402 4182 477 4246 „Daas
494 4183 557 4230 diese
574 4183 749 4246 Gesetzgebung
765 4182 816 4231 sich
833 4182 875 4229 aul
889 4181 927 4229 die
943 4185 1036 4229 armern
1054 4179 1153 4227 Klassen
1173 4177 1238 4226 nicht
1250 4174 1476 4233 erstreckte,beweist
1514 4169 1515 4172 ’

315 4265 375 4314 44414
400 4264 474 4323 nicht,
500 4267 553 4314 dass
579 4267 631 4314 dort
655 4265 693 4313 die
718 4264 879 4328 ilhelosiglreit
905 4264 1014 4327 geringcr
1039 4263 1094 4310 oder
1110 4262 1148 4309 die
1164 4260 1342 4310 Fruchtbarlreit
1358 4259 1397 4308 der
1414 4258 1476 4306 llhen

313 4351 405 4412 grbsser
422 4347 493 4397 wer.'’
528 4347 565 4396 lta
581 4348 668 4398 Friedl.
691 4348 708 4398 l.
721 4347 738 4398 l.
753 4365 803 4413 pag.
820 4349 852 4398 09
870 4351 949 4396 contra
962 4346 1097 4396 Pdhlmenn
1114 4329 1201 4394 llberv.
1219 4361 1271 4410 pag.
1288 4343 1328 4392 48.
