3122 5130
650 590 693 654 69

80 761 115 822 δι’
145 765 181 831 ἣν
208 762 299 837 91’ἕνης
319 752 381 834 iu?
397 767 422 852 ¹)
467 768 643 833 Plutarchi
666 766 877 852 temporibus
890 767 1021 832 nobiles
1033 767 1174 854 quidem
1186 767 1252 833 tale

83 877 165 962 quid
189 879 469 965 aspernabantur,
496 879 532 967 2)⁴
546 887 580 945 at
603 901 769 966 pauperes
792 880 896 946 talem
920 880 1044 946 luxum
1068 881 1255 946 sibiindul-

83 1011 159 1073 gere
190 1013 264 1056 non
298 1000 463 1082 poterant.
489 993 515 1080 ³)
561 992 697 1058 Insulae
722 993 984 1080 appellabantur
1007 1015 1152 1078 magnae
1176 992 1253 1058 illae

82 1103 180 1168 aedes
215 1105 459 1187 conducticias,
484 1107 521 1170 in
546 1106 671 1192 quibus
694 1107 823 1171 multae
847 1107 1008 1187 familiae,
1034 1128 1161 1193 eaeque
1187 1107 1255 1193 ple-

83 1238 229 1303 rumque
254 1220 480 1305 pauperiores
504 1241 575 1285 una
598 1219 808 1285 habitabant.
826 1220 851 1307 ⁴)
897 1220 963 1285 Per
986 1242 1019 1285 se
1047 1219 1256 1304 intellegitur

83 1351 238 1396 necnon
262 1354 305 1397 ex
329 1333 524 1398 auctoribus
547 1334 777 1420 comperimus
800 1333 1060 1419 pauperrimum
1081 1354 1253 1419 quemque

84 1443 119 1506 in
142 1445 288 1510 summis
310 1446 448 1511 aedium
471 1445 625 1532 partibus
648 1446 863 1511 habitavisse.
889 1447 912 1521 ⁵)
953 1446 1006 1511 Ita
1025 1447 1095 1511 iam
1113 1446 1255 1511 Plautus

86 1556 124 1621 do
158 1557 241 1624 Iove
277 1557 541 1645 Amphitruonis
570 1560 675 1625 forma
702 1559 843 1624 induto:
895 1560 956 1638 „In
992 1559 1162 1645 superiore
1195 1560 1255 1645 qui

86 1669 198 1735 habito
247 1671 419 1738 cenaculo.
456 1671 481 1757 ⁶)
528 1673 651 1759 (Varro
697 1673 734 1737 L.
770 1672 808 1737 L.
841 1673 883 1752 V,
910 1673 994 1736 162:
1045 1671 1254 1758 „Superioris

86 1782 203 1848 domus
237 1785 399 1850 universa
434 1785 597 1851 cenacula
621 1786 758 1871 dicta''.)
804 1785 989 1850 Horatius:
1040 1785 1151 1864 „Quid
1174 1807 1256 1871 pau-

86 1897 167 1980 per?
198 1897 293 1963 ride:
320 1904 430 1962 mutat
453 1898 623 1978 cenacula,
648 1897 783 1963 lectos.’'
798 1895 823 1982 ⁷)
847 1897 1040 1963 Iuvenalis:
1070 1897 1256 1976 „Tabulata

85 2007 142 2072 tibi
165 2010 237 2075 iam
261 2010 361 2076 tertia
384 2012 540 2077 fumant:
588 2013 641 2076 Tu
666 2011 795 2091 neseis;
822 2033 905 2075 nam
928 2011 956 2075 si
979 2010 1141 2095 gradibus
1155 2011 1256 2097 trepi-

89 2121 183 2186 datur
218 2123 263 2188 ab
298 2123 385 2204 imis,
421 2124 574 2191 Ultimus
611 2123 753 2205 ardebit,
780 2145 884 2210 quem
909 2123 1024 2208 tegula
1047 2123 1118 2189 sola
1141 2130 1256 2189 tuetur

86 2233 113 2297 Α
138 2234 268 2321 pluvia,
312 2236 431 2302 molles
472 2237 532 2302 ubi
566 2238 718 2303 reddunt
755 2259 820 2303 ova
854 2237 1065 2303 columbae.''
1092 2237 1118 2323 8)
1166 2238 1255 2302 Mar-

87 2347 187 2414 tialis:
239 2350 305 2430 „Et
339 2351 437 2416 scalis
471 2351 590 2417 habito
625 2351 746 2432 tribus,
783 2351 841 2416 sed
866 2350 974 2416 altis'’.
1001 2351 1027 2437 ⁹)
1074 2351 1123 2417 of.
1148 2351 1254 2416 etiam

103 2491 293 2503 *—

116 2559 131 2620 1)
156 2563 220 2612 Plut.
240 2561 329 2611 Aemil.
348 2562 416 2610 Paul.
435 2563 464 2621 V,
484 2563 506 2619 5,
526 2563 540 2610 6
558 2563 611 2624 (Ed.
630 2563 719 2623 Didot).
739 2563 805 2611 Idem
823 2565 904 2611 narrat
921 2561 998 2610 Valet.
1018 2562 1119 2610 Maxim.
1138 2561 1180 2619 IV,
1197 2562 1255 2620 4‚8,

117 2643 195 2703 ²l'0s.
214 2646 281 2694 Plut.
300 2644 316 2693 l.
335 2644 352 2693 l.
370 2649 381 2706 §
399 2646 422 2698 7.

118 2726 136 2787 ³)
159 2728 223 2776 Talis
251 2727 383 2776 incolarum
409 2727 534 2791 obstipatio
561 2745 631 2792 quam
657 2729 754 2777 adversa
779 2726 967 2776 sit-valetudini
994 2731 1155 2792 quantumque
1178 2727 1256 2776 valere

90 2807 154 2857 soleat
170 2811 199 2859 sd
217 2827 296 2859 mores
313 2812 502 2874 corrumpendos,
520 2816 600 2859 monet
617 2811 752 2860 Pdhlmann
770 2811 786 2858 l.
805 2811 822 2859 l.
841 2827 891 2874 pag.
912 2811 957 2858 105
977 2827 1032 2875 seq„
1052 2811 1106 2867 116,
1127 2810 1173 2862 137
1191 2827 1254 2875 seqq.

119 2891 137 2949 ⁴)
161 2892 290 2942 Porcellini
318 2893 343 2941 in
370 2893 468 2941 lexico:
496 2894 654 2959 „Huiusmodi
682 2893 774 2941 insulae
801 2893 870 2956 plura
896 2909 962 2956 saepe
987 2893 1117 2950 coenacula,
1141 2897 1164 2942 et
1189 2894 1254 2941 cubi·

91 2972 138 3020 cula
160 2975 285 3029 habebant,
304 2991 362 3040 quae
379 2975 489 3039 pluribus
506 2977 604 3025 familiis
621 2977 766 3033 locabantur,
784 2981 807 3024 et
823 2978 871 3024 fere
888 2977 1055 3040 pauperiorum
1067 3013 1170 3025 .......
1190 2976 1255 3024 Hinc

92 3054 154 3105 licet.
180 3059 310 3108 discrimen
327 3059 439 3122 colligere
457 3060 519 3108 inter
536 3060 640 3118 domum,
659 3063 682 3108 ct
700 3059 810 3116 insulam,
828 3063 856 3107 ut
873 3059 917 3107 illa
934 3059 973 3115 sit,
991 3059 1017 3106 in
1035 3075 1082 3122 qua
1099 3075 1146 3108 una
1162 3058 1254 3107 familia

92 3136 179 3196 habitat,
198 3143 263 3205 quod
280 3143 328 3189 fere
345 3142 441 3189 ditiores
458 3143 549 3191 faciunt
567 3180 721 3190 .......
733 3164 738 3197 ;
756 3143 819 3200 haec,
838 3143 863 3190 iu
881 3159 927 3205 qua
943 3141 1031 3206 plures,
1049 3142 1254 3205 etpauperiores.''

91 3220 192 3272 Ceterum
213 3226 309 3274 imolae
326 3225 427 3288 singulis
444 3226 543 3273 saeculis
561 3227 619 3290 quid
636 3226 732 3282 fuerint,
751 3243 799 3274 nou
816 3227 850 3274 ita
867 3226 935 3274 facile
952 3229 986 3273 est
1003 3226 1033 3273 ad
1050 3226 1183 3273 dicendum.
1222 3227 1254 3272 lle

91 3302 116 3350 iis
131 3309 231 3356 conseras
249 3325 309 3371 quae
326 3309 397 3371 digna
415 3325 475 3372 quae
495 3309 605 3372 legantur
622 3309 718 3372 scripsit
736 3310 765 3357 Ο.
784 3310 880 3357 Richter
898 3310 923 3357 in
942 3310 1044 3356 Hermae
1061 3308 1114 3356 Vol.
1133 3309 1183 3366 XX,
1202 3325 1254 3372 pag.

92 3385 118 3432 91
135 3404 194 3453 seqq.

123 3469 138 3525 ‘l
162 3473 225 3522 Num
245 3490 358 3538 pauperes
376 3475 401 3522 in
419 3474 531 3524 tabulatis
548 3491 639 3538 quoque
657 3475 815 3523 subterraneis
831 3475 946 3531 viverent,
964 3491 991 3523 ex
1007 3474 1143 3522 auctoribus
1159 3473 1254 3522 nonin·

93 3550 210 3615 tellegitur.
246 3558 282 3604 De
299 3557 342 3605 hac
360 3573 384 3604 re
401 3559 430 3604 cf.
451 3557 584 3606 thlmann
602 3557 619 3604 1.
638 3557 654 3605 l.
673 3574 723 3621 pag.
743 3559 774 3604 96
793 3574 855 3622 seqq.
883 3558 929 3623 Qui
948 3574 993 3620 quo
1011 3558 1062 3604 iure
1079 3557 1126 3604 talc
1143 3556 1200 3619 quid
1214 3557 1252 3604 de·

94 3642 178 3695 promat
194 3657 221 3688 ex
240 3641 313 3689 Mart.
333 3641 361 3696 X,
382 3643 403 3696 5,
423 3641 436 3687 6
455 3657 518 3704 seq:
538 3641 594 3706 „uli
612 3640 742 3689 December
759 3641 843 3704 longus
853 3645 875 3688 et
885 3642 980 3688 madens
988 3639 1254 3701 brumaOlususque

96 3716 203 3770 fornix
220 3723 291 3772 triste
308 3724 384 3786 frigus
401 3724 526 3771 extendat'’
545 3753 574 3759 —
596 3741 637 3787 ego
655 3741 701 3772 non
720 3725 843 3787 perspicio.
870 3723 989 3772 Martialis
998 3721 1150 3785 generaliter:
1163 3723 1254 3784 „fuscae

95 3803 167 3858 pensio
191 3805 321 3854 cellae’'
347 3806 404 3867 (ΙΙΙ,
429 3807 468 3862 36,
487 3808 527 3865 3);
547 3807 673 3870 „pauperis
690 3806 832 3854 cellam'’
851 3807 906 3866 (Ill,
925 3807 981 3864 48);
1001 3807 1030 3852 cf.
1049 3805 1121 3852 etiam
1138 3805 1193 3860 VII,
1213 3803 1252 3860 20,

96 3881 137 3938 2¹3
154 3885 220 3943 11111,
240 3889 279 3943 14,
300 3891 321 3936 5.
357 3890 415 3936 Item
434 3890 533 3937 Seuera:
553 3905 697 3954 „pauperum
715 3890 843 3938 collas''
861 3890 913 3952 (up.
932 3888 993 3935 Mor.
1012 3888 1046 3942 ΙΙ,
1063 3903 1099 3948 ep.
1118 3887 1132 3932 6
1151 3885 1210 3947 (181,
1220 3886 1252 3945 7).

124 3966 140 4018 ⁵)
164 3969 239 4021 Plaut.
259 3972 347 4034 Amph.
365 3973 412 4026 ΙΙΙ,
431 3973 453 4027 l,
472 3973 495 4020 3.

125 4047 142 4104 ⁷)
166 4053 222 4100 Hor.
241 4053 317 4118 Epist.
336 4055 355 4108 Ι,
375 4055 396 4110 l,
415 4055 454 4102 91.

125 4129 142 4188 ⁸)
166 4134 218 4185 Iuv.
236 4138 283 4193 ΙΙΙ,
303 4137 349 4184 199
367 4153 430 4200 seqq.

126 4211 144 4271 ⁹)
167 4217 236 4267 Mart.
255 4221 275 4276 l,
296 4219 351 4276 117,
370 4220 393 4272 7.
420 4222 464 4280 (lle
478 4221 521 4268 hoc
539 4220 590 4268 loco
609 4222 662 4269 vide
680 4221 811 4270 Pdhlmann
832 4219 848 4268 l.
868 4219 885 4267 l.
904 4235 954 4282 pag.
975 4219 1005 4266 91
1025 4235 1071 4282 seq.
1089 4220 1171 4266 contra
1185 4218 1252 4266 Ilrie·

99 4291 191 4356 dunler,
209 4303 363 4365 Sittengesch.
383 4303 461 4360 rums,
479 4305 521 4366 qui
539 4309 617 4351 tamen
636 4305 661 4352 iu
679 4304 846 4367 posterioribus
863 4302 934 4349 huius
951 4302 1029 4364 operis
1046 4300 1192 4349 editionibus
1202 4317 1253 4348 sen-
