3122 5130
631 531 671 594 51

68 705 157 771 Bona
180 715 278 772 erant
300 726 405 792 regna
429 707 630 793 Vespasiani
654 713 687 772 et
714 707 791 788 Titi,
806 708 947 774 laetiora
960 715 1077 774 tamen
1086 703 1234 786 Traiani,

68 820 242 901 Hadriani,
268 821 532 901 Antoninorum,
559 841 707 907 quorum
720 821 895 886 saeculum
908 821 1026 887 multis
1038 819 1236 886 nominibus

69 932 103 996 in
134 932 336 998 felicissimis
370 934 452 1020 poni
485 934 574 1014 licet,
600 955 686 1020 quae
711 956 867 1021 unquam
891 934 1039 1021 populus
1060 935 1237 999 Romanus

71 1046 195 1111 viderit,
232 1048 311 1135 Non
340 1047 451 1112 solum
474 1047 584 1112 Roma
609 1047 690 1112 urbs
714 1069 850 1112 summa
872 1047 1119 1134 tranquillitate
1145 1045 1237 1132 pacis

73 1166 167 1245 atque
203 1161 263 1225 otii
298 1160 483 1241 fruebatur,
508 1167 547 1226 ut
569 1169 619 1226 est
642 1161 734 1247 apud
757 1161 911 1225 Plinium
925 1159 950 1249 ¹)
978 1161 1033 1241 ,in
1056 1161 1121 1225 hoc
1143 1158 1237 1224 urbis

74 1273 135 1337 otio
169 1280 201 1338 et
230 1274 353 1339 intimo
377 1275 453 1339 sinu
478 1275 600 1361 pacis,''
626 1275 685 1340 sed
707 1274 774 1338 illis
798 1274 1020 1358 regnantibus
1043 1274 1177 1360 saepius
1200 1273 1237 1336 in

74 1385 148 1470 ipsis
170 1387 306 1473 imperii
330 1388 489 1453 confiniis
512 1411 572 1473 per
596 1388 721 1454 multos
745 1409 852 1453 annos
864 1410 934 1474 pax
945 1409 1016 1454 non
1028 1393 1078 1453 est
1090 1386 1237 1453 turbata.

75 1500 260 1584 Negotiatio
286 1507 513 1587 quaestusque
532 1501 617 1566 bene
630 1501 815 1582 cedebant,
841 1501 942 1567 multi
954 1501 1076 1588 opibus
1088 1508 1122 1567 et
1133 1500 1239 1586 copiis

76 1614 251 1694 florebant;
279 1615 481 1698 magnificae
505 1621 538 1680 et
560 1615 767 1681 lautissimae
792 1615 922 1697 domus,
948 1637 1110 1681 amoenae
1136 1613 1237 1682 villae

76 1727 355 1808 aedificabantur;
392 1736 479 1794 artes
513 1736 547 1794 et
581 1729 780 1816 disciplinae
814 1729 964 1794 multum
987 1729 1195 1794 colebantur.
1210 1725 1236 1814 ⁹.)

76 1839 257 1906 letamen
282 1842 400 1906 multa·
414 1849 511 1907 erant
535 1865 621 1929 quae
649 1843 782 1929 inipso
806 1843 1035 1928 reipublicae
1060 1840 1238 1927 splendore

78 1956 301 2042 propinquam
317 1955 454 2020 ruinam
467 1956 718 2021 denuntiarent.
745 1956 860 2042 Opum
873 1957 1126 2021 incrementum
1139 1955 1240 2022 vehe-

79 2076 200 2134 menter
233 2069 400 2155 pertinuit
423 2069 468 2134 ad
495 2091 604 2134 morcs
628 2070 880 2155 pervertendos.
905 2070 1018 2148 Quare
1042 2067 1216 2135 Iuvenalis
1231 2091 1239 2134 :·

84 2181 192 2258 ,Nune
229 2183 382 2268 patimur
411 2183 533 2267 longae
563 2184 654 2269 pacis
677 2183 777 2264 mala,
804 2184 935 2249 saevior
960 2183 1072 2270 armis¹
1087 2183 1242 2248 Luxuria

81 2294 227 2361 incubuit
248 2297 448 2382 victumque
476 2297 651 2362 ulciscitur
678 2297 805 2362 orbem.
828 2285 990 2361 'Nullum
1003 2296 1133 2361 crimen
1148 2296 1243 2361 abest

82 2408 273 2496 facinusque
306 2409 467 2491 libidinis,
504 2432 547 2474 ex
582 2432 650 2496 quo
677 2411 865 2496 Paupertas
888 2410 1046 2475 Romana
1070 2410 1189 2495 perit.’'
1215 2407 1242 2497 3)

84 2522 268 2599 ,Luxuriae
304 2523 397 2588 enim
419 2524 533 2588 -ita
565 2524 683 2590 Livius
707 2525 732 2611 4)
756 2563 799 2572 -
834 2524 1032 2610 peregrinae
1069 2524 1163 2607 origo
1200 2523 1243 2588 ab

82 2637 222 2702 exercitu
252 2637 402 2702 Asiatico
426 2637 561 2704 invecta
584 2638 621 2701 in
645 2637 766 2703 urbem
789 2644 839 2702 est
864 2689 1038 2702 ......
1053 2637 1113 2704 vix
1126 2644 1242 2702 tamen

82 2748 141 2830 illa,
166 2772 252 2836 quae
282 2757 358 2814 tum
381 2750 685 2837 conspiciebantur,
711 2752 842 2816 semina
866 2758 963 2816 erant
987 2751 1120 2816 futurae
1144 2750 1244 2815 luxu-

84 2863 174 2928 riac.''
201 2864 224 2951 5)
244 2865 334 2930 Cum
357 2870 457 2929 antea
481 2865 529 2928 eri
553 2887 596 2929 ex
619 2887 728 2951 aequo
753 2865 909 2932 viverent
923 2886 1003 2929 cum
1016 2865 1122 2931 servis
1134 2864 1202 2928 suis
1218 2863 1244 2952 6)

86 3006 267 3018 -——-

114 3083 129 3143 ¹)
146 3085 229 3149 Pancg.
250 3086 289 3134 56.

113 3167 130 3225 τ1
154 3169 188 3216 cf.
215 3169 328 3216 Momms.
347 3169 375 3216 R.
394 3169 421 3216 G.
441 3168 471 3214 V³
489 3184 541 3232 pag.
560 3171 575 3214 4
592 3185 655 3231 seq:
678 3167 758 3216 „Noclr
776 3168 846 3216 heutc
863 3168 928 3231 giebt
945 3185 969 3215 es
988 3168 1087 3216 manche
1104 3169 1246 3219 Landschaft

85 3249 119 3296 des
134 3251 226 3300 Orients
243 3253 289 3300 wic
306 3253 346 3300 des
364 3251 495 3308 Occidente,
513 3253 552 3300 fiir
569 3251 657 3299 welche
674 3252 712 3300 die
730 3252 858 3299 Xaiscrzcit
876 3252 921 3298 den
939 3268 968 3300 an
987 3251 1038 3299 sich
1053 3252 1105 3300 sehr
1114 3252 1245 3301 bcschcide·

84 3347 131 3388 nen,
164 3333 218 3382 uber
252 3336 312 3382 doch
348 3334 432 3382 vorher
457 3335 501 3382 wie
527 3335 631 3383 nachher
650 3335 690 3382 nic
715 3335 848 3382 erreichteu
877 3334 1024 3397 Hiihepunkt
1050 3335 1090 3382 des
1111 3338 1184 3398 guten
1201 3337 1245 3384 Re-

85 3414 177 3475 giments
202 3417 353 3484 bezeichnet,
379 3418 427 3464 und
451 3434 519 3466 wcnu
537 3417 624 3465 einmal
642 3418 681 3464 ein
699 3417 775 3480 Engel
793 3417 832 3464 des
850 3417 930 3480 llerrn
949 3417 987 3464 die
1005 3417 1089 3464 Bilanz
1106 3418 1246 3466 aufmachen

86 3496 153 3554 sollte,
178 3499 207 3546 ob
233 3501 275 3548 des
300 3516 347 3548 von
373 3501 473 3548 Severus
499 3501 634 3548 Antoninus
659 3501 808 3548 beherrsrhte
825 3499 909 3547 Gebiet
934 3499 1023 3548 dsmals
1041 3500 1097 3548 oder
1114 3500 1183 3548 heute
1201 3502 1248 3549 mit

85 3583 203 3641 grosserem
228 3582 357 3631 Verstande
383 3584 431 3631 und
449 3583 494 3631 mit
511 3589 627 3646 grosserer
644 3584 787 3632 Humanitas
804 3583 888 3646 regiert
906 3583 1000 3630 worden
1018 3583 1056 3639 ist,
1075 3582 1104 3630 ob
1122 3583 1248 3647 Gesittung

87 3664 129 3710 und
144 3664 302 3730 Volkergliick
319 3667 352 3714 im
369 3665 533 3730 Allgcmeinen
550 3668 647 3715 seitdem
665 3670 777 3715 vorwbrts
794 3668 848 3714 oder
865 3666 1070 3729 zuriiclrgegangen
1096 3666 1156 3722 sind,
1175 3683 1199 3713 so
1217 3667 1248 3714 ist

87 3760 108 3790 cs
130 3747 180 3795 sehr
204 3749 353 3806 zweifelhaft‚
379 3749 407 3796 ob
434 3750 474 3798 der
501 3750 593 3813 Spruch
619 3767 647 3798 zu
672 3751 779 3798 Gunsten
797 3751 837 3796 der
854 3751 992 3811 Gegenwart
1009 3747 1126 3795 aussallen
1143 3748 1247 3796 wiirde.''

89 3827 121 3875 Cf.
137 3831 206 3879 etiam
223 3833 331 3888 eundem,
350 3832 394 3880 Die
412 3837 469 3880 rom.
489 3833 598 3889 Schweiz,
616 3849 668 3896 pag.
687 3833 719 3880 24
738 3852 743 3879 ι
762 3832 837 3896 „Dass
854 3832 892 3879 die
909 3830 1025 3878 romische
1042 3830 1172 3878 Kaiserzcit
1182 3831 1249 3879 mehr

89 3912 214 3971 geschmiiht
231 3914 267 3963 als
283 3915 386 3978 gelannt
402 3915 458 3964 ist.''
992 3936 994 3939 ’

120 3993 140 4054 ³]
157 3997 210 4045 luv.
229 3999 271 4055 Vl,
290 3998 338 4046 292
357 4015 418 4062 seqq.
438 3998 501 4046 Haeo
519 4003 596 4047 satura
613 3999 677 4047 edita
693 4003 727 4047 est
744 4014 805 4046 anno
824 3997 871 4044 116
889 3995 926 4043 vel
946 3995 993 4048 117
1011 4011 1034 4059 p.
1053 3995 1109 4044 Chr.
1127 4013 1152 4045 n.

120 4078 137 4136 ⁴)
153 4079 203 4127 niv.
222 4080 329 4138 XXXIX,
348 4081 371 4139 6,
389 4081 462 4132 7-9.

126 4161 144 4221 ⁶)
161 4163 295 4212 Secundum
312 4163 452 4213 Sallustium
471 4165 530 4225 (Cat.
550 4166 564 4212 9
583 4169 655 4228 seqq.)
673 4163 795 4227 eliquanto
813 4167 864 4226 post
882 4161 977 4209 luxuria
994 4161 1113 4224 pullulare
1131 4163 1214 4226 coepit.

121 4248 141 4310 1)
158 4250 221 4301 Plut.
245 4255 312 4318 (Cato
329 4254 404 4302 maior
423 4255 444 4310 3,
464 4254 488 4314 2)
506 4253 534 4300 de
552 4253 654 4302 Catone:
676 4245 729 4314 ,etv
749 4241 804 4321 μὲν
825 4233 842 4329 ᾖ
861 4243 983 4322 χειμὼν,
1005 4241 1132 4324 ἐξωμίδα
1145 4245 1258 4320 λαβὼν,

1128 4351 1169 4415 4*
