3040 5134
843 587 907 656 176

288 765 348 834 vili
373 771 544 835 emeretur
564 766 635 833 iam
661 766 852 854 antiquitus
876 764 1044 834 cavebant
1071 759 1207 832 aediles.
1221 765 1248 853 1)
1282 763 1353 832 Sed
1364 764 1453 830 etiam

289 879 463 948 aedilicias
496 879 694 965 largitiones
729 880 873 947 oleariae
898 885 1221 947 commemorantur.
1269 879 1364 944 Nam
1377 896 1453 943 anno

289 1015 319 1060 a.
343 1014 377 1060 u.
401 1015 429 1061 c.
453 993 517 1060 541
542 993 586 1078 (a.
610 993 690 1060 ehr.
716 1015 750 1060 n.
781 995 869 1080 213),
897 1013 977 1060 cum
1000 991 1119 1058 aedilis
1135 992 1264 1058 curulis
1278 997 1354 1058 erat
1368 1010 1454 1071 „cum

1506 1049 1509 1089 l

289 1107 337 1173 Μ.
370 1105 527 1174 Cornelio
561 1106 712 1191 Cethego
738 1107 776 1172 P.
804 1105 983 1174 Cornelius
1007 1105 1132 1192 Scipio,
1156 1106 1212 1172 cui
1235 1111 1314 1193 post·
1339 1102 1455 1170 Africa·
1509 1110 1510 1164 l

241 1228 244 1236 ‘
290 1240 335 1285 no
358 1220 423 1286 suit
445 1220 668 1304 cognomen'',
695 1220 827 1304 „congii
850 1219 916 1285 olei
938 1219 976 1284 in
1000 1219 1093 1286 vicos
1120 1218 1272 1304 singulos
1285 1218 1359 1285 dati
1371 1216 1452 1304 qaia·
1510 1194 1511 1231 1

290 1332 459 1420 qucqeaa'.''
484 1329 510 1418 ς)
547 1331 657 1398 Iulius
692 1332 815 1399 Caesar
843 1338 1005 1420 quattuor
1031 1331 1225 1419 triumphos
1248 1353 1365 1418 agens,
1389 1326 1454 1395 Gal·

290 1445 406 1538 licum,
430 1445 717 1526 Alexandrinum,
737 1446 933 1527 Ponticum,
957 1445 1170 1527 Africanum,
1199 1444 1348 1533 ,populo
1372 1462 1454 1530 prae·

291 1565 343 1625 ter
376 1559 541 1624 frumenti
575 1559 679 1626 denos
711 1559 842 1628 modios
865 1581 904 1626 ac
931 1558 1075 1626 totidem
1098 1558 1165 1626 clei
1187 1559 1291 1625 libras
1315 1565 1455 1624 trecenos
1511 1579 1512 1600 ,

293 1693 429 1760 quoque
465 1693 634 1754 nummos,
672 1694 757 1761 quos
780 1672 951 1760 pollicitus
974 1672 1058 1739 clim
1080 1678 1162 1750 erat,
1187 1672 1318 1739 viritim
1343 1667 1452 1746 divisit,
1510 1711 1511 1714 κ

292 1790 327 1852 et
352 1785 417 1852 hoc
442 1785 591 1874 amplius
612 1792 772 1852 centenos
795 1807 857 1873 pro
878 1787 1007 1852 mora.''
1031 1783 1059 1872 8)
1098 1785 1223 1852 Oleum
1247 1792 1281 1852 et
1303 1785 1454 1851 diurnum
1511 1769 1512 1852 s

293 1905 327 1966 et
353 1899 542 1986 gratuitum
565 1898 693 1988 populo
716 1900 874 1966 Romano
898 1899 1251 1991 donavitSeptimius
1273 1899 1422 1974 Severus,
1432 1891 1453 1976 4)

293 2011 336 2079 ab
370 2012 557 2099 Elagabalo
581 2013 808 2080 imminutum
830 2014 1004 2099 integrum
1028 2013 1175 2079 restituit
1197 2003 1344 2079 Seuerus
1365 2007 1454 2075 Alex·

293 2127 410 2208 ander,
434 2127 462 2213 5)
482 2126 658 2212 largitioni
681 2127 786 2194 finem
808 2126 972 2214 imposuit
994 2126 1248 2193 Constantinus.
1273 2125 1298 2210 6)

337 2239 454 2308 Vini
488 2240 527 2305 L.
564 2239 730 2307 Lucullus
767 2261 867 2322 ,cum
901 2239 1003 2306 rediit
1035 2261 1079 2306 ex
1102 2239 1194 2321 Asia,
1219 2238 1314 2305 milia
1341 2233 1451 2303 cadum

293 2352 508 2438 congiarium
544 2352 659 2419 divisit
683 2353 832 2441 amplius
858 2353 1031 2420 centum.”
1057 2351 1083 2439 7)
1131 2353 1196 2434 ,Et
1218 2353 1340 2420 ansar
1363 2347 1451 2414 dicta·

294 2471 347 2532 tor
371 2465 539 2552 triumphi
563 2465 617 2531 sui
640 2488 725 2533 cena
748 2467 775 2554 8)
793 2467 866 2535 vini
889 2467 1026 2533 Falerni
1049 2466 1240 2552 amphoras,
1265 2465 1343 2533 chii
1362 2458 1452 2528 cados

294 2644 409 2694 vitiorum
435 2645 544 2694 omnium
570 2645 687 2710 genitores
712 2614 740 2696 ib
765 2648 897 2712 gymnasiis
922 2646 1090 2712 publicandc.”
1126 2647 1205 2711 Quare
1230 2647 1294 2696 Nero
1319 2642 1452 2696 aeveribtem
1511 2627 1512 2634 ¹

294 2728 425 2777 Murenam
453 2727 558 2778 abiciens
583 2730 706 2794 gymnasio
732 2730 837 2780 dedicato
864 2729 959 2796 „oleum
984 2730 1103 2795 equitiae
1122 2730 1213 2780 senatui
1232 2731 1319 2780 Graeca
1336 2717 1451 2778 facilitate”

295 2811 432 2877 praebuisse
449 2811 543 2862 dicitur.
561 2813 625 2876 (Tac.
645 2815 710 2863 Ann.
727 2814 791 2873 XIV,
809 2813 851 2867 471

329 2889 351 2954 1)
385 2895 422 2946 Of.
447 2895 512 2944 Plin.
538 2897 568 2944 N.
597 2896 628 2944 H.
654 2897 705 2955 XV,
733 2897 754 2954 1,
775 2897 806 2945 2:
830 2895 919 2962 „Urbis
936 2896 1031 2961 quidem
1049 2912 1110 2946 enno
1127 2909 1170 2946 nr.
1187 2896 1266 2962 Appia
1284 2893 1381 2946 Claudio
1396 2883 1451 2938 cml

296 2982 379 3043 nepote
403 2978 430 3027 L.
452 2978 524 3027 Iunio
548 2995 607 3028 cose.
633 2977 680 3028 olei
705 2978 780 3028 librae
804 2980 924 3029 duodenae
941 2978 1033 3029 assibus
1049 2979 1151 3039 veniere,
1168 2983 1192 3029 et
1208 2995 1263 3028 mox
1280 2995 1342 3029 anne
1357 2982 1451 3026 ncfflx·

296 3061 331 3110 M.
357 3061 425 3110 Seius
450 3060 477 3110 L.
502 3061 529 3111 Il.
555 3060 640 3110 aedilis
664 3060 756 3112 eurnlie
772 3061 820 3111 olei
837 3062 908 3112 denas
925 3060 1000 3111 libras
1017 3061 1120 3126 singulis
1133 3062 1225 3112 assibus
1241 3062 1359 3128 praestitit
1375 3051 1451 3124 popssl⁰

295 3144 401 3192 Romano
414 3159 455 3209 per
471 3147 548 3194 totam
566 3144 682 3194 annum.’'
716 3145 901 3210 Antiquissimie
918 3144 1064 3210 temporibus
1075 3144 1244 3196 tamenoleum
1254 3139 1452 3195 videturnondum

296 3226 323 3275 in
350 3242 396 3275 nen
412 3226 492 3276 fnisse.
526 3226 658 3276 Fenestella
679 3227 744 3276 enirn
761 3226 838 3278 oleam
855 3227 955 3277 omnino
973 3244 1021 3278 non
1039 3227 1111 3278 fuisse
1128 3228 1153 3277 in
1171 3227 1242 3278 Italia
1259 3229 1319 3279 dicit
1337 3218 1451 3289 mairia

296 3308 377 3358 Prisco
395 3314 514 3374 regnante.
550 3310 586 3360 cf.
605 3311 671 3360 Plin.
689 3310 708 3360 1.
726 3310 743 3360 1.
762 3315 773 3374 §
792 3312 815 3362 1.

328 3392 348 3454 ¹)
381 3393 435 3443 niv.
460 3392 532 3452 XXV,
558 3394 581 3454 2,
600 3395 623 3452 b,
641 3395 664 3443 8.
700 3393 845 3444 Vocabulum
862 3395 1024 3462 quinquageni
1040 3397 1132 3446 addidit
1149 3396 1177 3446 R.
1197 3395 1356 3461 Ilngelmann,
1372 3395 1394 3442 et
1408 3386 1452 3454 poti

296 3491 351 3525 enm
366 3475 643 3528 Weissenborn-Miller.

329 3557 349 3620 ⁸)
383 3559 446 3610 Suet.
464 3559 511 3610 Iul.
529 3559 569 3610 88.
588 3560 625 3610 Ol.
642 3560 689 3610 Dio
706 3560 771 3610 Casa.
789 3562 877 3620 XLIII,
896 3562 936 3622 21,
953 3561 977 3610 8.
1337 3599 1339 3604 .

329 3641 350 3702 ⁴)
383 3642 501 3708 spartian.
526 3643 602 3693 Seuer.
627 3643 667 3703 18,
685 3643 717 3692 δι’
737 3645 870 3714 „(Sereruel
887 3660 911 3709 p.
929 3644 957 3693 R.
975 3643 1089 3693 diurnum
1105 3643 1185 3694 oleum
1201 3644 1331 3709 gratuitum
1348 3646 1370 3694 et
1384 3641 1452 3689 secun·

295 3725 422 3776 dieeimnrn
447 3726 473 3776 in
498 3730 620 3777 aeteruum
647 3725 769 3777 donauit.”
804 3727 893 3791 (Lectio
915 3732 939 3776 et
949 3727 1150 3792 fecundissimum
1166 3728 1263 3776 incerta.
1297 3727 1333 3776 De
1348 3742 1373 3776 ea
1387 3717 1452 3772 variae

296 3809 439 3860 coniecturae
456 3811 510 3860 ride
527 3811 589 3876 apud
602 3812 671 3861 Peter
688 3810 699 3844 ¹
716 3811 752 3873 (in
770 3814 882 3876 apparatu
900 3810 1009 3872 anneot.)
1026 3810 1063 3859 cf.
1082 3810 1122 3868 28,
1140 3811 1171 3860 2:
1190 3810 1312 3876 „Moriens
1331 3833 1450 3859 ......
1510 3835 1511 3840 =

295 3893 342 3943 olei
366 3897 460 3943 tanturn
485 3894 614 3959 (reliquid),
633 3897 659 3943 ut
675 3909 717 3958 per
734 3893 928 3958 quinquennium
945 3909 993 3944 non
1011 3893 1089 3943 solnm
1105 3893 1172 3943 urbis
1188 3892 1279 3951 nsibae,
1297 3893 1337 3942 sed
1353 3894 1375 3941 et
1389 3885 1450 3939 tetlssfl

296 3977 387 4034 ltaliae,
404 3992 463 4041 qnae
480 3975 531 4026 oleo
548 3978 607 4042 eget,
624 3975 763 4025 subiaceat?

332 4059 351 4119 ⁵)
383 4058 503 4124 lamprid.
520 4059 588 4109 Alex.
605 4060 682 4109 Seuer.
701 4059 741 4118 22,
759 4060 784 4109 2.

295 4207 298 4211 Ι
329 4141 350 4200 ⁶)
383 4140 465 4190 Aurei.
483 4140 544 4191 Vict.
561 4142 597 4191 De
613 4141 730 4192 Cacsarib.
748 4142 789 4202 41,
808 4143 847 4192 19.

330 4222 351 4282 7)
384 4223 456 4272 Varro
472 4224 535 4289 apud
551 4223 617 4275 Plin.
633 4224 665 4274 N.
683 4225 715 4274 H.
733 4225 813 4285 XIIII,
832 4226 872 4285 14,
890 4226 931 4277 26.

330 4305 350 4369 ⁸)
384 4305 414 4358 In
431 4298 582 4357 codd.'b1d.:
602 4307 747 4377 „triumphis
765 4307 885 4360 uicena?
