3040 5134
576 630 640 697 147

35 831 96 876 nou
129 808 306 876 haberent.
351 808 463 876 Immo
499 807 659 897 equidem
694 805 899 875 contendere
935 807 1039 876 velim
1067 807 1194 874 Caesar

33 921 259 1010 Augustoque,
305 944 383 988 cum
428 922 562 990 tabulas
606 922 822 1003 conficerent,
858 921 1041 988 discrimen
1077 920 1193 988 iecisse

34 1037 168 1114 cintotra,
211 1057 304 1102 non
327 1038 373 1102 ret
389 1037 569 1123 familiaria
587 1035 764 1102 rationem.
798 1035 909 1122 quue
932 1056 1003 1101 non
1026 1034 1098 1102 sine
1121 1055 1195 1119 gre·

37 1149 127 1216 vibus
162 1149 283 1216 causis.
331 1148 375 1216 1⁰.
410 1150 520 1216 Dione
556 1156 693 1216 auctore
727 1150 850 1217 Caesar
884 1145 1195 1224 tetracnorda

33 1263 201 1350 (tanquam
240 1265 371 1348 censor)
406 1284 583 1330 recensum
621 1263 700 1349 egit,
726 1261 751 1350 ¹)
775 1269 809 1329 et
834 1263 927 1349 apud
950 1263 1092 1330 Livium
1112 1262 1195 1348 legi·

35 1397 119 1442 mus:
157 1377 372 1456 „Recensum
405 1377 484 1462 egit,
520 1398 589 1464 quo
615 1398 717 1443 censa
752 1382 832 1442 sunt
866 1376 1052 1444 civium
1082 1376 1195 1464 capita

34 1495 160 1556 centum
184 1490 438 1578 quinquaginta
461 1489 589 1556 milia.''
615 1488 641 1576 ⁹)
689 1490 741 1556 En
764 1489 933 1556 habemus
954 1489 1105 1556 eundem
1128 1511 1190 1556 nu·

35 1625 155 1670 merum
179 1604 224 1670 ad
248 1603 559 1692 quemSuetonius
582 1603 787 1690 accipientes
798 1603 1193 1690 frumentumepublico

36 1722 182 1783 retractos
205 1738 276 1784 esse
300 1716 402 1783 dicit!
449 1718 495 1783 20.
521 1717 585 1784 Dio
610 1738 683 1783 rem
705 1717 743 1783 in
768 1717 862 1783 hunc
887 1715 1030 1782 modum
1053 1723 1190 1785 narrat:

37 1835 95 1892 „ret
122 1832 260 1900 πλήθους
290 1836 343 1890 τοῦ
372 1825 424 1890 τὶν
453 1839 536 1890 σῖτον
566 1830 701 1912 φέροντος
725 1827 772 1892 ἐπὶ
792 1830 997 1906 μακρότατον,
1019 1827 1063 1889 οὗ
1083 1829 1194 1892 κατὰ

36 1932 140 2003 δίκην
159 1930 231 1994 ἀλλ’
254 1933 292 2003 ὥς
313 1955 369 1994 του
389 1931 419 1993 ἐν
438 1943 504 2004 ταῖς
523 1936 669 1995 στάσεσιν
684 1935 768 1994 erues
780 1938 956 2009 γίγνεσθαι,
969 1930 1192 2014 ἐπαυξηθέντος

36 2032 152 2114 ἐξέτασιν
171 2036 343 2110 ἐποιήσατο,
366 2041 414 2100 καὶ
435 2039 503 2108 τούς
522 2059 561 2114 γε
575 2041 689 2116 ἡμίσεις
700 2039 775 2116 ὁμσῦ
785 2060 814 2099 τι
824 2036 920 2099 αὐτῶν
930 2039 1158 2118 ammentante?
1171 2039 1194 2114 ³)

38 2141 118 2208 Haec
141 2143 247 2210 verba
270 2150 301 2214 οὐ
318 2152 398 2215 κατὰ
414 2153 496 2224 δίκην
507 2165 621 2210 nonne
636 2166 775 2211 omnem
786 2142 1037 2210 dubitationem
1048 2142 1197 2210 tollunt?

39 2253 74 2320 3⁰.
94 2256 215 2323 Caesar
236 2257 381 2344 Pompei
406 2258 549 2343 vestigia
571 2263 706 2324 secutus
729 2263 789 2338 est,
814 2277 918 2344 quem
943 2256 1025 2343 quia
1044 2255 1197 2323 libertini

39 2367 215 2455 frequentes
255 2371 345 2437 inter
379 2370 515 2458 plebem
550 2370 811 2437 frumentariam
847 2370 1002 2457 inrepere
1038 2369 1195 2454 solerent,

39 2479 154 2552 tabulas
187 2484 419 2551 conficiendas
441 2506 575 2551 curasse
599 2484 802 2572 fraudesque
827 2483 1011 2571 reprimere
1033 2490 1196 2550 conatum

39 2613 95 2660 esse
118 2619 221 2686 supra
256 2598 404 2665 narrari.
428 2599 454 2685 ⁴)
500 2598 572 2666 Vix
594 2598 805 2664 credendum
828 2603 878 2664 est
902 2598 1091 2679 Gaesarem,
1116 2619 1195 2664 curn

41 2707 131 2775 multa
164 2710 262 2778 milia
297 2711 451 2778 mitteret
484 2712 521 2777 in
556 2711 801 2777 transmarinas
826 2710 985 2790 coloniae,
1011 2711 1036 2792 ⁵)
1059 2709 1197 2778 colonos

40 2817 104 2888 istos
135 2846 203 2891 non
235 2825 453 2911 potissimum
477 2824 702 2910 desumpsisse
726 2825 833 2890 exiis
857 2824 917 2912 qui
941 2823 1153 2890 frumentum
1177 2846 1195 2890 e

41 2933 158 3017 publico
182 2939 386 3025 acciperent,
412 2937 438 3024 6)
461 2937 509 3004 ita
533 2938 673 3026 quidem
698 2944 735 3003 ut
760 2938 819 3026 qui
844 2938 1061 3004 mitterentur
1085 2943 1196 3004 esseut

40 3044 91 3131 ipsi
113 3048 264 3118 libertini
288 3052 348 3139 qui
370 3051 460 3118 inter
482 3051 557 3118 illos
579 3051 808 3138 inrepsisscut.
854 3049 1034 3136 (Strabone
1058 3057 1194 3118 auctore

43 3159 159 3230 colonos
180 3165 264 3231 istos
287 3186 404 3251 reapse
427 3187 592 3250 magnam
614 3171 748 3252 partem
771 3165 873 3231 fuisse
895 3164 1075 3231 libertinos
1094 3186 1197 3252 supra

43 3273 182 3344 vidimus.
206 3277 250 3364 7))
295 3277 463 3344 Libertini
491 3285 607 3344 autem
631 3277 686 3346 vel
709 3278 747 3343 in
770 3278 907 3346 civitate
930 3277 1090 3364 ingenuis
1102 3278 1199 3345 cede-

43 3381 118 3456 bant.
141 3389 167 3476 8)
212 3391 260 3457 4⁰.
296 3390 473 3476 Augustus
506 3392 591 3458 haec
626 3391 725 3457 dese
750 3391 944 3478 praedicat:
972 3390 1108 3472 „Plebei
1130 3391 1198 3458 Ro-

44 3510 217 3528 κ-

69 3545 84 3606 ¹)
113 3551 156 3601 nro
173 3553 240 3603 cn..
259 3552 349 3610 xnrn,
367 3553 407 3611 as,
426 3553 448 3602 a.

68 3631 85 3690 ¹)
113 3634 161 3684 Liv.
179 3637 233 3686 Per.
252 3635 322 3684 CXV.

69 3712 85 3772 ³)
114 3717 157 3766 Dio
173 3719 241 3768 Coss.
260 3717 347 3773 XLIII,
365 3719 406 3776 21,
423 3720 446 3767 4,

70 3796 86 3856 4)
114 3815 162 3864 pag.
183 3801 230 3850 133
250 3817 298 3865 seq.

72 3878 87 3936 ‘t
115 3881 148 3931 cf.
166 3900 239 3950 supra
256 3899 307 3948 pag.
326 3884 366 3932 96.

70 3959 87 4018 ⁶)
115 3965 164 4014 Non
190 3965 309 4032 perspicio
325 3966 383 4030 quid
401 3965 545 4015 Rodbcrturn
562 3966 684 4016 adduxerit
703 3970 731 4015 ut
747 3965 871 4014 eadberct:
891 3964 974 4027 „Dcnn
992 3979 1038 4011 von
1055 3962 1100 4011 den
1118 3962 1195 4011 Korn·

47 4045 176 4110 tmpssngcrn
201 4050 295 4098 werden
312 4049 381 4097 ticine
399 4065 427 4098 zu
444 4049 583 4098 Colonisten
600 4049 769 4113 abpcnommcn
787 4047 863 4097 scin.''
896 4045 956 4094 Vide
973 4044 1124 4102 Rodbcrtum,
1142 4044 1159 4093 l.
1178 4045 1195 4093 l.

47 4135 81 4186 με
101 4128 142 4178 sel
159 4133 227 4194 (882)
245 4132 298 4181 adn.
317 4131 355 4180 19.

72 4204 89 4267 ἶ)
116 4210 157 4262 l.l

73 4287 89 4348 ⁸)
117 4293 229 4346 Libertini
255 4313 366 4361 maguam
392 4301 481 4362 partem
508 4301 573 4345 crunt
598 4296 690 4353 mrarii,
716 4295 757 4359 qni
784 4294 923 4358 suffragium
940 4312 988 4344 non
1005 4294 1135 4350 habebant3
1153 4292 1194 4342 alii

51 4374 141 4431 urnula
166 4380 260 4430 civitate
284 4379 394 4430 carebant
419 4379 475 4443 qnia
492 4379 554 4429 insta
570 4395 597 4428 ao
614 4378 720 4443 legitimo
741 4377 928 4427 manumissione
945 4394 994 4428 non
1011 4381 1077 4427 erant
1093 4376 1194 4426 liberati.
