<?xml version="1.0" encoding="UTF-8"?>
<!DOCTYPE html PUBLIC "-//W3C//DTD XHTML 1.0 Transitional//EN"
    "http://www.w3.org/TR/xhtml1/DTD/xhtml1-transitional.dtd">
<html xmlns="http://www.w3.org/1999/xhtml" xml:lang="en" lang="en">
 <head>
  <title>
</title>
<meta http-equiv="Content-Type" content="text/html;charset=utf-8" />
  <meta name='ocr-system' content='tesseract 3.04.00' />
  <meta name='ocr-capabilities' content='ocr_page ocr_carea ocr_par ocr_line ocrx_word'/>
</head>
<body>
  <div class='ocr_page' id='page_1' title='image "./depauperumcuraa01essegoog_0203.png"; bbox 0 0 3040 5134; ppageno 0'>
   <div class='ocr_carea' id='block_1_1' title="bbox 872 599 936 666">
    <p class='ocr_par' dir='ltr' id='par_1_1' title="bbox 872 599 936 666">
     <span class='ocr_line' id='line_1_1' title="bbox 872 599 936 666; baseline 0 0"><span class='ocrx_word' id='word_1_1' title='bbox 872 599 936 666; x_wconf 77' lang='lat'><strong>182</strong></span> 
     </span>
    </p>
   </div>
   <div class='ocr_carea' id='block_1_2' title="bbox 262 773 1470 2114">
    <p class='ocr_par' dir='ltr' id='par_1_2' title="bbox 262 773 1470 2114">
     <span class='ocr_line' id='line_1_2' title="bbox 312 773 1469 874; baseline 0.001 -32"><span class='ocrx_word' id='word_1_2' title='bbox 312 773 535 843; x_wconf 80' lang='lat' dir='ltr'><strong>discernende</strong></span> <span class='ocrx_word' id='word_1_3' title='bbox 563 777 704 864; x_wconf 88' lang='lat' dir='ltr'><strong>quidem</strong></span> <span class='ocrx_word' id='word_1_4' title='bbox 729 782 809 843; x_wconf 88' lang='lat' dir='ltr'><strong>sunt</strong></span> <span class='ocrx_word' id='word_1_5' title='bbox 832 776 916 846; x_wconf 79' lang='lat' dir='ltr'><strong>haec</strong></span> <span class='ocrx_word' id='word_1_6' title='bbox 939 778 1015 860; x_wconf 84' lang='lat' dir='ltr'><strong>tria,</strong></span> <span class='ocrx_word' id='word_1_7' title='bbox 1039 779 1221 861; x_wconf 84' lang='lat' dir='ltr'><strong>aerarium,</strong></span> <span class='ocrx_word' id='word_1_8' title='bbox 1247 778 1360 874; x_wconf 80' lang='lat' dir='ltr'><strong>fiscus,</strong></span> <span class='ocrx_word' id='word_1_9' title='bbox 1384 777 1469 866; x_wconf 83' lang='lat' dir='ltr'><strong>petri·</strong></span> 
     </span>
     <span class='ocr_line' id='line_1_3' title="bbox 312 889 1469 979; baseline 0.002 -25"><span class='ocrx_word' id='word_1_10' title='bbox 312 889 470 955; x_wconf 91' lang='lat' dir='ltr'><strong>monium</strong></span> <span class='ocrx_word' id='word_1_11' title='bbox 497 895 677 979; x_wconf 80' lang='lat' dir='ltr'><strong>ceteraque</strong></span> <span class='ocrx_word' id='word_1_12' title='bbox 698 912 751 958; x_wconf 87' lang='lat' dir='ltr'><strong>res</strong></span> <span class='ocrx_word' id='word_1_13' title='bbox 772 891 907 978; x_wconf 80' lang='lat' dir='ltr'><strong>private</strong></span> <span class='ocrx_word' id='word_1_14' title='bbox 931 891 1106 970; x_wconf 78' lang='lat' dir='ltr'><strong>Oeeseris3</strong></span> <span class='ocrx_word' id='word_1_15' title='bbox 1132 891 1158 978; x_wconf 82' lang='lat'><strong>¹)</strong></span> <span class='ocrx_word' id='word_1_16' title='bbox 1183 899 1286 960; x_wconf 82' lang='lat' dir='ltr'><strong>etex</strong></span> <span class='ocrx_word' id='word_1_17' title='bbox 1310 893 1391 960; x_wconf 81' lang='lat' dir='ltr'><strong>fisco</strong></span> <span class='ocrx_word' id='word_1_18' title='bbox 1413 912 1469 958; x_wconf 91' lang='lat' dir='ltr'><strong>non</strong></span> 
     </span>
     <span class='ocr_line' id='line_1_4' title="bbox 312 1001 1469 1091; baseline 0.001 -25"><span class='ocrx_word' id='word_1_19' title='bbox 312 1001 427 1068; x_wconf 84' lang='lat' dir='ltr'><strong>minus</strong></span> <span class='ocrx_word' id='word_1_20' title='bbox 451 1022 557 1090; x_wconf 83' lang='lat' dir='ltr'><strong>quem</strong></span> <span class='ocrx_word' id='word_1_21' title='bbox 579 1025 623 1070; x_wconf 86' lang='lat' dir='ltr'><strong>ex</strong></span> <span class='ocrx_word' id='word_1_22' title='bbox 645 1004 775 1070; x_wconf 79' lang='lat' dir='ltr'><strong>aerario</strong></span> <span class='ocrx_word' id='word_1_23' title='bbox 797 1004 970 1091; x_wconf 77' lang='lat' dir='ltr'><strong>impensas</strong></span> <span class='ocrx_word' id='word_1_24' title='bbox 994 1003 1149 1091; x_wconf 82' lang='lat' dir='ltr'><strong>publices</strong></span> <span class='ocrx_word' id='word_1_25' title='bbox 1174 1004 1334 1072; x_wconf 77' lang='lat' dir='ltr'><strong>toleratas</strong></span> <span class='ocrx_word' id='word_1_26' title='bbox 1357 1026 1423 1072; x_wconf 76' lang='lat' dir='ltr'><strong>esee</strong></span> <span class='ocrx_word' id='word_1_27' title='bbox 1441 1004 1469 1068; x_wconf 90' lang='lat' dir='ltr'><strong>in</strong></span> 
     </span>
     <span class='ocr_line' id='line_1_5' title="bbox 311 1113 1470 1185; baseline 0.002 -7"><span class='ocrx_word' id='word_1_28' title='bbox 311 1113 490 1183; x_wconf 86' lang='lat' dir='ltr'><strong>Prooemio</strong></span> <span class='ocrx_word' id='word_1_29' title='bbox 524 1116 594 1182; x_wconf 83' lang='lat' dir='ltr'><strong>iam</strong></span> <span class='ocrx_word' id='word_1_30' title='bbox 629 1118 837 1184; x_wconf 89' lang='lat' dir='ltr'><strong>monuimus.</strong></span> <span class='ocrx_word' id='word_1_31' title='bbox 883 1117 1023 1185; x_wconf 81' lang='lat' dir='ltr'><strong>Privata</strong></span> <span class='ocrx_word' id='word_1_32' title='bbox 1061 1139 1142 1185; x_wconf 86' lang='lat' dir='ltr'><strong>vero</strong></span> <span class='ocrx_word' id='word_1_33' title='bbox 1166 1118 1352 1185; x_wconf 81' lang='lat' dir='ltr'>Caesarum</span> <span class='ocrx_word' id='word_1_34' title='bbox 1375 1138 1425 1183; x_wconf 89' lang='lat' dir='ltr'><strong>res</strong></span> <span class='ocrx_word' id='word_1_35' title='bbox 1444 1121 1470 1181; x_wconf 86' lang='lat' dir='ltr'><strong>et</strong></span> 
     </span>
     <span class='ocr_line' id='line_1_6' title="bbox 311 1228 1469 1319; baseline 0.001 -27"><span class='ocrx_word' id='word_1_36' title='bbox 311 1228 383 1314; x_wconf 84' lang='lat' dir='ltr'><strong>ipsa</strong></span> <span class='ocrx_word' id='word_1_37' title='bbox 418 1229 570 1316; x_wconf 83' lang='lat' dir='ltr'><strong>quodem</strong></span> <span class='ocrx_word' id='word_1_38' title='bbox 603 1229 705 1297; x_wconf 92' lang='lat' dir='ltr'><strong>modo</strong></span> <span class='ocrx_word' id='word_1_39' title='bbox 739 1229 878 1317; x_wconf 82' lang='lat' dir='ltr'><strong>publice</strong></span> <span class='ocrx_word' id='word_1_40' title='bbox 912 1230 1013 1297; x_wconf 87' lang='lat' dir='ltr'><strong>fuisse</strong></span> <span class='ocrx_word' id='word_1_41' title='bbox 1048 1231 1117 1297; x_wconf 88' lang='lat' dir='ltr'><strong>diei</strong></span> <span class='ocrx_word' id='word_1_42' title='bbox 1152 1238 1283 1318; x_wconf 81' lang='lat' dir='ltr'><strong>potest3</strong></span> <span class='ocrx_word' id='word_1_43' title='bbox 1309 1229 1337 1319; x_wconf 74' lang='lat'><strong>²)</strong></span> <span class='ocrx_word' id='word_1_44' title='bbox 1377 1231 1469 1295; x_wconf 92' lang='lat' dir='ltr'><strong>immo</strong></span> 
     </span>
     <span class='ocr_line' id='line_1_7' title="bbox 312 1341 1467 1432; baseline 0.001 -26"><span class='ocrx_word' id='word_1_45' title='bbox 312 1342 425 1408; x_wconf 88' lang='lat' dir='ltr'><strong>nescio</strong></span> <span class='ocrx_word' id='word_1_46' title='bbox 448 1363 493 1408; x_wconf 83' lang='lat' dir='ltr'><strong>en</strong></span> <span class='ocrx_word' id='word_1_47' title='bbox 516 1342 686 1430; x_wconf 86' lang='lat' dir='ltr'><strong>principes</strong></span> <span class='ocrx_word' id='word_1_48' title='bbox 709 1343 881 1410; x_wconf 77' lang='lat' dir='ltr'><strong>aerarium</strong></span> <span class='ocrx_word' id='word_1_49' title='bbox 905 1344 1051 1432; x_wconf 86' lang='lat' dir='ltr'><strong>pecunia</strong></span> <span class='ocrx_word' id='word_1_50' title='bbox 1074 1366 1136 1411; x_wconf 84' lang='lat' dir='ltr'><strong>sue</strong></span> <span class='ocrx_word' id='word_1_51' title='bbox 1158 1345 1318 1412; x_wconf 84' lang='lat' dir='ltr'><strong>iuvantes</strong></span> <span class='ocrx_word' id='word_1_52' title='bbox 1334 1341 1467 1430; x_wconf 92' lang='lat' dir='ltr'><strong>-quod</strong></span> 
     </span>
     <span class='ocr_line' id='line_1_8' title="bbox 313 1455 1469 1546; baseline 0.003 -27"><span class='ocrx_word' id='word_1_53' title='bbox 313 1455 447 1542; x_wconf 81' lang='lat' dir='ltr'><strong>saepius</strong></span> <span class='ocrx_word' id='word_1_54' title='bbox 481 1456 610 1522; x_wconf 81' lang='lat' dir='ltr'><strong>fectum</strong></span> <span class='ocrx_word' id='word_1_55' title='bbox 641 1478 711 1524; x_wconf 84' lang='lat' dir='ltr'><strong>esse</strong></span> <span class='ocrx_word' id='word_1_56' title='bbox 745 1456 892 1543; x_wconf 83' lang='lat' dir='ltr'><strong>legimus</strong></span> <span class='ocrx_word' id='word_1_57' title='bbox 928 1496 970 1508; x_wconf 89' lang='lat'>—</span> <span class='ocrx_word' id='word_1_58' title='bbox 994 1456 1021 1544; x_wconf 80' lang='lat'><strong>³)</strong></span> <span class='ocrx_word' id='word_1_59' title='bbox 1045 1458 1148 1525; x_wconf 89' lang='lat' dir='ltr'><strong>officii</strong></span> <span class='ocrx_word' id='word_1_60' title='bbox 1171 1459 1286 1546; x_wconf 87' lang='lat' dir='ltr'><strong>potius</strong></span> <span class='ocrx_word' id='word_1_61' title='bbox 1310 1457 1469 1546; x_wconf 80' lang='lat' dir='ltr'><strong>quoddam</strong></span> 
     </span>
     <span class='ocr_line' id='line_1_9' title="bbox 313 1569 1465 1658; baseline -0.001 -24"><span class='ocrx_word' id='word_1_62' title='bbox 313 1588 441 1634; x_wconf 87' lang='lat' dir='ltr'><strong>munus</strong></span> <span class='ocrx_word' id='word_1_63' title='bbox 463 1570 614 1636; x_wconf 86' lang='lat' dir='ltr'><strong>exsecuti</strong></span> <span class='ocrx_word' id='word_1_64' title='bbox 636 1592 707 1637; x_wconf 86' lang='lat' dir='ltr'><strong>esse</strong></span> <span class='ocrx_word' id='word_1_65' title='bbox 732 1591 837 1658; x_wconf 84' lang='lat' dir='ltr'><strong>quam</strong></span> <span class='ocrx_word' id='word_1_66' title='bbox 860 1570 1045 1639; x_wconf 84' lang='lat' dir='ltr'><strong>voluntarii</strong></span> <span class='ocrx_word' id='word_1_67' title='bbox 1056 1571 1235 1658; x_wconf 77' lang='lat' dir='ltr'><strong>largitores</strong></span> <span class='ocrx_word' id='word_1_68' title='bbox 1250 1573 1353 1638; x_wconf 81' lang='lat' dir='ltr'><strong>fuisse</strong></span> <span class='ocrx_word' id='word_1_69' title='bbox 1366 1569 1465 1637; x_wconf 88' lang='lat' dir='ltr'><strong>existi-</strong></span> 
     </span>
     <span class='ocr_line' id='line_1_10' title="bbox 312 1681 1467 1773; baseline 0 -26"><span class='ocrx_word' id='word_1_70' title='bbox 312 1681 432 1748; x_wconf 85' lang='lat' dir='ltr'><strong>mandi</strong></span> <span class='ocrx_word' id='word_1_71' title='bbox 461 1683 539 1749; x_wconf 87' lang='lat' dir='ltr'><strong>sint.</strong></span> <span class='ocrx_word' id='word_1_72' title='bbox 562 1683 590 1770; x_wconf 87' lang='lat'><strong>⁴)</strong></span> <span class='ocrx_word' id='word_1_73' title='bbox 635 1684 737 1769; x_wconf 83' lang='lat' dir='ltr'><strong>Ergo,</strong></span> <span class='ocrx_word' id='word_1_74' title='bbox 762 1690 801 1750; x_wconf 88' lang='lat' dir='ltr'><strong>ut</strong></span> <span class='ocrx_word' id='word_1_75' title='bbox 823 1684 868 1751; x_wconf 84' lang='lat' dir='ltr'><strong>ad</strong></span> <span class='ocrx_word' id='word_1_76' title='bbox 891 1686 1104 1773; x_wconf 89' lang='lat' dir='ltr'><strong>propositum</strong></span> <span class='ocrx_word' id='word_1_77' title='bbox 1127 1686 1277 1763; x_wconf 81' lang='lat' dir='ltr'>redeam,</span> <span class='ocrx_word' id='word_1_78' title='bbox 1301 1686 1467 1772; x_wconf 81' lang='lat' dir='ltr'><strong>imperato</strong></span> 
     </span>
     <span class='ocr_line' id='line_1_11' title="bbox 262 1795 1466 1887; baseline -0.001 -27"><span class='ocrx_word' id='word_1_79' title='bbox 262 1812 265 1820; x_wconf 90' lang='lat'>·</span> <span class='ocrx_word' id='word_1_80' title='bbox 313 1816 391 1861; x_wconf 90' lang='lat' dir='ltr'><strong>rum</strong></span> <span class='ocrx_word' id='word_1_81' title='bbox 426 1795 567 1884; x_wconf 90' lang='lat' dir='ltr'><strong>quidem</strong></span> <span class='ocrx_word' id='word_1_82' title='bbox 601 1803 710 1864; x_wconf 79' lang='lat' dir='ltr'><strong>aetate</strong></span> <span class='ocrx_word' id='word_1_83' title='bbox 744 1799 918 1884; x_wconf 84' lang='lat' dir='ltr'><strong>congiario</strong></span> <span class='ocrx_word' id='word_1_84' title='bbox 951 1799 1126 1887; x_wconf 79' lang='lat' dir='ltr'>publicam</span> <span class='ocrx_word' id='word_1_85' title='bbox 1162 1820 1282 1866; x_wconf 86' lang='lat' dir='ltr'><strong>curum</strong></span> <span class='ocrx_word' id='word_1_86' title='bbox 1312 1796 1466 1887; x_wconf 84' lang='lat' dir='ltr'><strong>appellere</strong></span> 
     </span>
     <span class='ocr_line' id='line_1_12' title="bbox 312 1909 1467 1997; baseline -0.002 -23"><span class='ocrx_word' id='word_1_87' title='bbox 312 1930 382 1976; x_wconf 92' lang='lat' dir='ltr'><strong>non</strong></span> <span class='ocrx_word' id='word_1_88' title='bbox 416 1909 546 1976; x_wconf 90' lang='lat' dir='ltr'><strong>dubito.</strong></span> <span class='ocrx_word' id='word_1_89' title='bbox 571 1912 595 1997; x_wconf 78' lang='lat'><strong>¹)</strong></span> <span class='ocrx_word' id='word_1_90' title='bbox 640 1911 724 1977; x_wconf 87' lang='lat' dir='ltr'><strong>Mox</strong></span> <span class='ocrx_word' id='word_1_91' title='bbox 755 1919 871 1978; x_wconf 83' lang='lat' dir='ltr'><strong>autem</strong></span> <span class='ocrx_word' id='word_1_92' title='bbox 895 1911 1059 1979; x_wconf 79' lang='lat' dir='ltr'><strong>beneficia</strong></span> <span class='ocrx_word' id='word_1_93' title='bbox 1082 1912 1204 1980; x_wconf 79' lang='lat' dir='ltr'><strong>illaec</strong></span> <span class='ocrx_word' id='word_1_94' title='bbox 1228 1917 1416 1992; x_wconf 84' lang='lat' dir='ltr'><strong>evaserunt,</strong></span> <span class='ocrx_word' id='word_1_95' title='bbox 1436 1913 1467 1974; x_wconf 84' lang='lat' dir='ltr'><strong>ut</strong></span> 
     </span>
     <span class='ocr_line' id='line_1_13' title="bbox 312 2024 1464 2114; baseline -0.001 -26"><span class='ocrx_word' id='word_1_96' title='bbox 312 2029 491 2110; x_wconf 80' lang='lat' dir='ltr'><strong>tamquam</strong></span> <span class='ocrx_word' id='word_1_97' title='bbox 524 2024 578 2090; x_wconf 88' lang='lat' dir='ltr'><strong>ius</strong></span> <span class='ocrx_word' id='word_1_98' title='bbox 612 2045 632 2090; x_wconf 83' lang='lat' dir='ltr'><strong>e</strong></span> <span class='ocrx_word' id='word_1_99' title='bbox 662 2024 760 2111; x_wconf 82' lang='lat' dir='ltr'>plebe</span> <span class='ocrx_word' id='word_1_100' title='bbox 783 2025 1037 2112; x_wconf 85' lang='lat' dir='ltr'><strong>postularentur</strong></span> <span class='ocrx_word' id='word_1_101' title='bbox 1060 2026 1287 2114; x_wconf 82' lang='lat' dir='ltr'><strong>Gaesaresque</strong></span> <span class='ocrx_word' id='word_1_102' title='bbox 1312 2049 1379 2094; x_wconf 90' lang='lat' dir='ltr'><strong>non</strong></span> <span class='ocrx_word' id='word_1_103' title='bbox 1401 2042 1464 2090; x_wconf 82' lang='lat' dir='ltr'><strong>roro</strong></span> 
     </span>
    </p>
   </div>
   <div class='ocr_carea' id='block_1_3' title="bbox 346 2195 1466 2262">
    <p class='ocr_par' dir='ltr' id='par_1_3' title="bbox 346 2195 1466 2262">
     <span class='ocr_line' id='line_1_14' title="bbox 346 2195 1466 2262; baseline -0.001 -17"><span class='ocrx_word' id='word_1_104' title='bbox 346 2198 366 2254; x_wconf 91' lang='lat' dir='ltr'><strong>l)</strong></span> <span class='ocrx_word' id='word_1_105' title='bbox 400 2195 435 2242; x_wconf 89' lang='lat' dir='ltr'><strong>De</strong></span> <span class='ocrx_word' id='word_1_106' title='bbox 460 2195 557 2254; x_wconf 73' lang='lat' dir='ltr'><strong>ceretio,</strong></span> <span class='ocrx_word' id='word_1_107' title='bbox 583 2195 646 2253; x_wconf 82' lang='lat' dir='ltr'><strong>fisco,</strong></span> <span class='ocrx_word' id='word_1_108' title='bbox 671 2196 815 2260; x_wconf 77' lang='lat' dir='ltr'><strong>patrimonio</strong></span> <span class='ocrx_word' id='word_1_109' title='bbox 832 2200 951 2260; x_wconf 73' lang='lat' dir='ltr'><strong>ceteroque</strong></span> <span class='ocrx_word' id='word_1_110' title='bbox 969 2212 993 2245; x_wconf 88' lang='lat' dir='ltr'><strong>re</strong></span> <span class='ocrx_word' id='word_1_111' title='bbox 1009 2197 1102 2262; x_wconf 76' lang='lat' dir='ltr'><strong>privetu</strong></span> <span class='ocrx_word' id='word_1_112' title='bbox 1119 2195 1224 2246; x_wconf 63' lang='lat' dir='ltr'><strong>Caesam</strong></span> <span class='ocrx_word' id='word_1_113' title='bbox 1241 2198 1388 2247; x_wconf 81' lang='lat' dir='ltr'><strong>conserentur</strong></span> <span class='ocrx_word' id='word_1_114' title='bbox 1403 2221 1431 2231; x_wconf 89' lang='lat'>-</span> <span class='ocrx_word' id='word_1_115' title='bbox 1446 2197 1466 2240; x_wconf 79' lang='lat' dir='ltr'><strong>ut</strong></span> 
     </span>
    </p>
   </div>
   <div class='ocr_carea' id='block_1_4' title="bbox 212 2273 1466 2344">
    <p class='ocr_par' dir='ltr' id='par_1_4' title="bbox 212 2273 1466 2344">
     <span class='ocr_line' id='line_1_15' title="bbox 212 2273 1466 2344; baseline 0 -19"><span class='ocrx_word' id='word_1_116' title='bbox 212 2313 216 2319; x_wconf 85' lang='lat'><em>.</em></span> <span class='ocrx_word' id='word_1_117' title='bbox 310 2276 370 2326; x_wconf 76' lang='lat' dir='ltr'><strong>elion</strong></span> <span class='ocrx_word' id='word_1_118' title='bbox 395 2277 504 2327; x_wconf 71' lang='lat' dir='ltr'><strong>omittam</strong></span> <span class='ocrx_word' id='word_1_119' title='bbox 531 2305 564 2315; x_wconf 89' lang='lat'>-</span> <span class='ocrx_word' id='word_1_120' title='bbox 590 2278 724 2327; x_wconf 84' lang='lat' dir='ltr'><strong>Mommsen</strong></span> <span class='ocrx_word' id='word_1_121' title='bbox 749 2279 804 2328; x_wconf 87' lang='lat' dir='ltr'><strong>StR.</strong></span> <span class='ocrx_word' id='word_1_122' title='bbox 830 2278 867 2328; x_wconf 78' lang='lat'><strong>11³</strong></span> <span class='ocrx_word' id='word_1_123' title='bbox 892 2295 945 2344; x_wconf 73' lang='lat' dir='ltr'><strong>pag.</strong></span> <span class='ocrx_word' id='word_1_124' title='bbox 971 2279 1019 2332; x_wconf 77' lang='lat'><strong>997</strong></span> <span class='ocrx_word' id='word_1_125' title='bbox 1043 2295 1123 2344; x_wconf 78' lang='lat' dir='ltr'><strong>eeqq.;</strong></span> <span class='ocrx_word' id='word_1_126' title='bbox 1142 2278 1282 2344; x_wconf 78' lang='lat' dir='ltr'><strong>Mnrquerdt</strong></span> <span class='ocrx_word' id='word_1_127' title='bbox 1296 2279 1314 2329; x_wconf 96' lang='lat' dir='ltr'><strong>l.</strong></span> <span class='ocrx_word' id='word_1_128' title='bbox 1333 2280 1410 2344; x_wconf 75' lang='lat' dir='ltr'><strong>ipeg.</strong></span> <span class='ocrx_word' id='word_1_129' title='bbox 1426 2273 1466 2324; x_wconf 72' lang='lat'><strong>302</strong></span> 
     </span>
    </p>
   </div>
   <div class='ocr_carea' id='block_1_5' title="bbox 311 2357 1465 2438">
    <p class='ocr_par' dir='ltr' id='par_1_5' title="bbox 311 2357 1465 2438">
     <span class='ocr_line' id='line_1_16' title="bbox 311 2357 1465 2438; baseline -0.002 -31"><span class='ocrx_word' id='word_1_130' title='bbox 311 2375 374 2424; x_wconf 73' lang='lat' dir='ltr'><strong>seqq.</strong></span> <span class='ocrx_word' id='word_1_131' title='bbox 384 2379 391 2417; x_wconf 91' lang='lat'>;</span> <span class='ocrx_word' id='word_1_132' title='bbox 409 2360 546 2410; x_wconf 66' lang='lat' dir='ltr'><strong>Hirschfeld</strong></span> <span class='ocrx_word' id='word_1_133' title='bbox 562 2361 591 2410; x_wconf 83' lang='lat' dir='ltr'><strong>V.</strong></span> <span class='ocrx_word' id='word_1_134' title='bbox 607 2361 636 2410; x_wconf 83' lang='lat' dir='ltr'><strong>G.</strong></span> <span class='ocrx_word' id='word_1_135' title='bbox 653 2361 666 2410; x_wconf 95' lang='grc' dir='ltr'><strong>Ι</strong></span> <span class='ocrx_word' id='word_1_136' title='bbox 683 2377 736 2426; x_wconf 80' lang='lat' dir='ltr'><strong>pcg.</strong></span> <span class='ocrx_word' id='word_1_137' title='bbox 755 2362 768 2410; x_wconf 94' lang='lat' dir='ltr'>l</span> <span class='ocrx_word' id='word_1_138' title='bbox 787 2377 866 2426; x_wconf 80' lang='lat' dir='ltr'><strong>teqq.;</strong></span> <span class='ocrx_word' id='word_1_139' title='bbox 886 2361 984 2426; x_wconf 78' lang='lat' dir='ltr'>Herzog,</span> <span class='ocrx_word' id='word_1_140' title='bbox 1002 2362 1086 2412; x_wconf 76' lang='lat' dir='ltr'><strong>Gesch.</strong></span> <span class='ocrx_word' id='word_1_141' title='bbox 1105 2379 1128 2412; x_wconf 91' lang='lat' dir='ltr'><strong>u.</strong></span> <span class='ocrx_word' id='word_1_142' title='bbox 1146 2362 1208 2426; x_wconf 75' lang='lat' dir='ltr'><strong>Syst.</strong></span> <span class='ocrx_word' id='word_1_143' title='bbox 1226 2364 1249 2412; x_wconf 93' lang='lat' dir='ltr'><strong>d.</strong></span> <span class='ocrx_word' id='word_1_144' title='bbox 1268 2366 1328 2412; x_wconf 80' lang='lat' dir='ltr'><strong>rdm.</strong></span> <span class='ocrx_word' id='word_1_145' title='bbox 1341 2357 1465 2438; x_wconf 65' lang='lat' dir='ltr'><strong>Stantrreri„</strong></span> 
     </span>
    </p>
   </div>
   <div class='ocr_carea' id='block_1_6' title="bbox 306 2442 1467 4384">
    <p class='ocr_par' dir='ltr' id='par_1_6' title="bbox 310 2442 726 2510">
     <span class='ocr_line' id='line_1_17' title="bbox 310 2442 726 2510; baseline 0.012 -21"><span class='ocrx_word' id='word_1_146' title='bbox 310 2442 336 2489; x_wconf 90' lang='grc' dir='ltr'>Π</span> <span class='ocrx_word' id='word_1_147' title='bbox 352 2459 420 2507; x_wconf 74' lang='lat' dir='ltr'><strong>pagg.</strong></span> <span class='ocrx_word' id='word_1_148' title='bbox 439 2442 487 2492; x_wconf 79' lang='lat'><strong>212</strong></span> <span class='ocrx_word' id='word_1_149' title='bbox 506 2460 578 2508; x_wconf 61' lang='lat' dir='ltr'><strong>seqq„</strong></span> <span class='ocrx_word' id='word_1_150' title='bbox 597 2445 643 2493; x_wconf 83' lang='grc'><strong>661</strong></span> <span class='ocrx_word' id='word_1_151' title='bbox 663 2461 726 2510; x_wconf 73' lang='lat' dir='ltr'><strong>seqq.</strong></span> 
     </span>
    </p>

    <p class='ocr_par' dir='ltr' id='par_1_7' title="bbox 310 2526 1467 3548">
     <span class='ocr_line' id='line_1_18' title="bbox 343 2526 1465 2604; baseline 0.004 -23"><span class='ocrx_word' id='word_1_152' title='bbox 343 2534 364 2594; x_wconf 75' lang='lat'><strong>²)</strong></span> <span class='ocrx_word' id='word_1_153' title='bbox 399 2533 527 2583; x_wconf 76' lang='lat' dir='ltr'><strong>Herodian.</strong></span> <span class='ocrx_word' id='word_1_154' title='bbox 544 2534 578 2594; x_wconf 90' lang='grc' dir='ltr'><strong>ΙΙ,</strong></span> <span class='ocrx_word' id='word_1_155' title='bbox 596 2536 620 2593; x_wconf 82' lang='lat'><strong>4,</strong></span> <span class='ocrx_word' id='word_1_156' title='bbox 639 2534 653 2587; x_wconf 85' lang='grc'><strong>7</strong></span> <span class='ocrx_word' id='word_1_157' title='bbox 670 2537 699 2584; x_wconf 87' lang='lat' dir='ltr'><strong>de</strong></span> <span class='ocrx_word' id='word_1_158' title='bbox 716 2536 850 2585; x_wconf 71' lang='lat' dir='ltr'><strong>Pertinere:</strong></span> <span class='ocrx_word' id='word_1_159' title='bbox 864 2537 941 2598; x_wconf 66' lang='lat' dir='ltr'><strong>„veie</strong></span> <span class='ocrx_word' id='word_1_160' title='bbox 952 2547 987 2588; x_wconf 84' lang='grc' dir='ltr'><strong>τε</strong></span> <span class='ocrx_word' id='word_1_161' title='bbox 998 2527 1164 2600; x_wconf 73' lang='grc' dir='ltr'><strong><em>βασιλικοῖς</em></strong></span> <span class='ocrx_word' id='word_1_162' title='bbox 1175 2529 1329 2604; x_wconf 73' lang='grc' dir='ltr'><strong>κτήμασιν</strong></span> <span class='ocrx_word' id='word_1_163' title='bbox 1340 2526 1465 2591; x_wconf 73' lang='grc' dir='ltr'><strong>ἐκώλυσεν</strong></span> 
     </span>
     <span class='ocr_line' id='line_1_19' title="bbox 312 2620 1465 2704; baseline 0.004 -23"><span class='ocrx_word' id='word_1_164' title='bbox 312 2622 402 2681; x_wconf 75' lang='grc' dir='ltr'><em>αὑτοῦ</em></span> <span class='ocrx_word' id='word_1_165' title='bbox 432 2622 561 2700; x_wconf 77' lang='grc' dir='ltr'><em>τοῦνομα</em></span> <span class='ocrx_word' id='word_1_166' title='bbox 589 2620 820 2704; x_wconf 62' lang='grc' dir='ltr'><strong><em>ἐπιγράφεσθαι,</em></strong></span> <span class='ocrx_word' id='word_1_167' title='bbox 843 2625 929 2685; x_wconf 77' lang='grc' dir='ltr'>εἰπὼν</span> <span class='ocrx_word' id='word_1_168' title='bbox 949 2622 1025 2684; x_wconf 76' lang='grc' dir='ltr'><strong>αὐτὰ</strong></span> <span class='ocrx_word' id='word_1_169' title='bbox 1046 2623 1096 2687; x_wconf 74' lang='grc' dir='ltr'><strong>οὐκ</strong></span> <span class='ocrx_word' id='word_1_170' title='bbox 1117 2625 1176 2685; x_wconf 75' lang='grc' dir='ltr'><strong><em>ἴδια</em></strong></span> <span class='ocrx_word' id='word_1_171' title='bbox 1197 2631 1250 2684; x_wconf 79' lang='grc' dir='ltr'><strong>τοῦ</strong></span> <span class='ocrx_word' id='word_1_172' title='bbox 1270 2625 1465 2698; x_wconf 71' lang='grc' dir='ltr'><strong><em>βασιλεύοντος</em></strong></span> 
     </span>
     <span class='ocr_line' id='line_1_20' title="bbox 313 2709 1464 2802; baseline -0.002 -24"><span class='ocrx_word' id='word_1_173' title='bbox 313 2709 391 2794; x_wconf 78' lang='grc' dir='ltr'><strong><em>εἶναι,</em></strong></span> <span class='ocrx_word' id='word_1_174' title='bbox 413 2718 495 2780; x_wconf 80' lang='grc' dir='ltr'><strong><em>ἀλλὰ</em></strong></span> <span class='ocrx_word' id='word_1_175' title='bbox 520 2718 600 2783; x_wconf 78' lang='grc' dir='ltr'><strong><em>κοινὰ</em></strong></span> <span class='ocrx_word' id='word_1_176' title='bbox 621 2721 669 2784; x_wconf 78' lang='grc' dir='ltr'><strong>καὶ</strong></span> <span class='ocrx_word' id='word_1_177' title='bbox 689 2721 817 2798; x_wconf 77' lang='grc' dir='ltr'><strong><em>δημόσια</em></strong></span> <span class='ocrx_word' id='word_1_178' title='bbox 837 2729 893 2790; x_wconf 73' lang='grc' dir='ltr'><strong>τῆς</strong></span> <span class='ocrx_word' id='word_1_179' title='bbox 911 2721 1063 2797; x_wconf 82' lang='grc' dir='ltr'><em>Ῥωμαίων</em></span> <span class='ocrx_word' id='word_1_180' title='bbox 1082 2720 1208 2802; x_wconf 73' lang='grc' dir='ltr'>ἁρχὴς.”</span> <span class='ocrx_word' id='word_1_181' title='bbox 1243 2727 1464 2790; x_wconf 66' lang='lat' dir='ltr'><strong>edomentur</strong></span> 
     </span>
     <span class='ocr_line' id='line_1_21' title="bbox 314 2813 1464 2883; baseline 0 -19"><span class='ocrx_word' id='word_1_182' title='bbox 314 2816 394 2865; x_wconf 79' lang='lat'>1008:</span> <span class='ocrx_word' id='word_1_183' title='bbox 422 2818 483 2881; x_wconf 83' lang='lat' dir='ltr'><strong>„Die</strong></span> <span class='ocrx_word' id='word_1_184' title='bbox 508 2818 592 2867; x_wconf 79' lang='lat' dir='ltr'><strong>beiden</strong></span> <span class='ocrx_word' id='word_1_185' title='bbox 609 2818 743 2883; x_wconf 78' lang='lat' dir='ltr'><strong>mdglichen</strong></span> <span class='ocrx_word' id='word_1_186' title='bbox 760 2817 959 2882; x_wconf 79' lang='lat' dir='ltr'><strong>Pcrmulirungen</strong></span> <span class='ocrx_word' id='word_1_187' title='bbox 974 2817 1043 2881; x_wconf 81' lang='lat' dir='ltr'>jener</span> <span class='ocrx_word' id='word_1_188' title='bbox 1059 2818 1127 2867; x_wconf 87' lang='lat' dir='ltr'><strong>mehr</strong></span> <span class='ocrx_word' id='word_1_189' title='bbox 1144 2819 1192 2866; x_wconf 89' lang='lat' dir='ltr'><strong>und</strong></span> <span class='ocrx_word' id='word_1_190' title='bbox 1210 2818 1279 2867; x_wconf 85' lang='lat' dir='ltr'><strong>mehr</strong></span> <span class='ocrx_word' id='word_1_191' title='bbox 1297 2819 1323 2867; x_wconf 96' lang='lat' dir='ltr'><strong>in</strong></span> <span class='ocrx_word' id='word_1_192' title='bbox 1341 2819 1391 2868; x_wconf 90' lang='lat' dir='ltr'><strong>dem</strong></span> <span class='ocrx_word' id='word_1_193' title='bbox 1407 2813 1464 2864; x_wconf 80' lang='lat' dir='ltr'><strong>Prin-</strong></span> 
     </span>
     <span class='ocr_line' id='line_1_22' title="bbox 312 2899 1464 2966; baseline 0 -19"><span class='ocrx_word' id='word_1_194' title='bbox 312 2900 375 2964; x_wconf 79' lang='lat' dir='ltr'><strong>cipet</strong></span> <span class='ocrx_word' id='word_1_195' title='bbox 391 2917 433 2950; x_wconf 83' lang='lat' dir='ltr'><strong>zur</strong></span> <span class='ocrx_word' id='word_1_196' title='bbox 450 2901 555 2966; x_wconf 79' lang='lat' dir='ltr'><strong>Geltung</strong></span> <span class='ocrx_word' id='word_1_197' title='bbox 570 2901 729 2966; x_wconf 65' lang='lat' dir='ltr'><strong>gelengenden</strong></span> <span class='ocrx_word' id='word_1_198' title='bbox 746 2901 926 2960; x_wconf 84' lang='lat' dir='ltr'><strong>Identification,</strong></span> <span class='ocrx_word' id='word_1_199' title='bbox 944 2901 1060 2951; x_wconf 75' lang='lat' dir='ltr'><strong>entweder</strong></span> <span class='ocrx_word' id='word_1_200' title='bbox 1076 2901 1135 2950; x_wconf 77' lang='lat' dir='ltr'><strong>elles</strong></span> <span class='ocrx_word' id='word_1_201' title='bbox 1152 2899 1464 2965; x_wconf 76' lang='lat' dir='ltr'><strong>Steetegnteerrivrteigen·</strong></span> 
     </span>
     <span class='ocr_line' id='line_1_23' title="bbox 311 2982 1465 3049; baseline 0.001 -18"><span class='ocrx_word' id='word_1_202' title='bbox 311 2982 379 3032; x_wconf 85' lang='lat' dir='ltr'><strong>thum</strong></span> <span class='ocrx_word' id='word_1_203' title='bbox 397 2985 437 3033; x_wconf 81' lang='lat' dir='ltr'><strong>des</strong></span> <span class='ocrx_word' id='word_1_204' title='bbox 454 2985 549 3034; x_wconf 75' lang='lat' dir='ltr'><strong>Reicere</strong></span> <span class='ocrx_word' id='word_1_205' title='bbox 566 3001 595 3034; x_wconf 78' lang='grc' dir='ltr'><strong>ιιι</strong></span> <span class='ocrx_word' id='word_1_206' title='bbox 611 2986 688 3034; x_wconf 75' lang='lat' dir='ltr'><strong>iernen</strong></span> <span class='ocrx_word' id='word_1_207' title='bbox 706 2986 761 3035; x_wconf 88' lang='lat' dir='ltr'><strong>oder</strong></span> <span class='ocrx_word' id='word_1_208' title='bbox 777 2985 822 3034; x_wconf 93' lang='lat' dir='ltr'><strong>den</strong></span> <span class='ocrx_word' id='word_1_209' title='bbox 839 2985 953 3049; x_wconf 76' lang='lat' dir='ltr'><strong>Princeps</strong></span> <span class='ocrx_word' id='word_1_210' title='bbox 970 3000 999 3034; x_wconf 81' lang='lat' dir='ltr'><strong>zu</strong></span> <span class='ocrx_word' id='word_1_211' title='bbox 1016 2984 1149 3034; x_wconf 83' lang='lat' dir='ltr'><strong>betrnchten</strong></span> <span class='ocrx_word' id='word_1_212' title='bbox 1167 2983 1203 3034; x_wconf 81' lang='lat' dir='ltr'><strong>tls</strong></span> <span class='ocrx_word' id='word_1_213' title='bbox 1214 2983 1465 3049; x_wconf 71' lang='lat' dir='ltr'><strong>unsthigPrireteigeu·</strong></span> 
     </span>
     <span class='ocr_line' id='line_1_24' title="bbox 311 3066 1465 3132; baseline 0.001 -17"><span class='ocrx_word' id='word_1_214' title='bbox 311 3067 379 3116; x_wconf 87' lang='lat' dir='ltr'><strong>thum</strong></span> <span class='ocrx_word' id='word_1_215' title='bbox 401 3084 430 3116; x_wconf 84' lang='lat' dir='ltr'><strong>zu</strong></span> <span class='ocrx_word' id='word_1_216' title='bbox 448 3068 558 3126; x_wconf 75' lang='lat' dir='ltr'><strong>bcnitnen,</strong></span> <span class='ocrx_word' id='word_1_217' title='bbox 572 3067 653 3117; x_wconf 82' lang='lat' dir='ltr'><strong>lnuien</strong></span> <span class='ocrx_word' id='word_1_218' title='bbox 669 3067 805 3117; x_wconf 79' lang='lat' dir='ltr'><strong>weeentlicb</strong></span> <span class='ocrx_word' id='word_1_219' title='bbox 822 3068 865 3117; x_wconf 79' lang='lat' dir='ltr'><strong>etri</strong></span> <span class='ocrx_word' id='word_1_220' title='bbox 879 3067 984 3116; x_wconf 77' lang='lat' dir='ltr'><strong>dentelbe</strong></span> <span class='ocrx_word' id='word_1_221' title='bbox 1001 3067 1087 3118; x_wconf 77' lang='lat' dir='ltr'><strong>bintus</strong></span> <span class='ocrx_word' id='word_1_222' title='bbox 1106 3103 1212 3117; x_wconf 90' lang='grc'>.....</span> <span class='ocrx_word' id='word_1_223' title='bbox 1213 3067 1229 3089; x_wconf 87' lang='grc'><strong><em>”</em></strong></span> <span class='ocrx_word' id='word_1_224' title='bbox 1264 3068 1341 3132; x_wconf 80' lang='lat' dir='ltr'><strong>Mnrq.</strong></span> <span class='ocrx_word' id='word_1_225' title='bbox 1358 3066 1375 3116; x_wconf 93' lang='lat' dir='ltr'><strong>l.</strong></span> <span class='ocrx_word' id='word_1_226' title='bbox 1392 3067 1408 3116; x_wconf 91' lang='lat' dir='ltr'><strong>l.</strong></span> <span class='ocrx_word' id='word_1_227' title='bbox 1423 3077 1465 3128; x_wconf 67' lang='grc' dir='ltr'><strong>με·</strong></span> 
     </span>
     <span class='ocr_line' id='line_1_25' title="bbox 312 3143 1466 3216; baseline -0.003 -18"><span class='ocrx_word' id='word_1_228' title='bbox 312 3150 376 3198; x_wconf 82' lang='grc' dir='ltr'><strong>31οε</strong></span> <span class='ocrx_word' id='word_1_229' title='bbox 404 3151 549 3216; x_wconf 78' lang='lat' dir='ltr'><strong>„Uebrigenr</strong></span> <span class='ocrx_word' id='word_1_230' title='bbox 574 3152 606 3201; x_wconf 78' lang='lat' dir='ltr'><strong>iet</strong></span> <span class='ocrx_word' id='word_1_231' title='bbox 631 3152 671 3200; x_wconf 88' lang='lat' dir='ltr'><strong>der</strong></span> <span class='ocrx_word' id='word_1_232' title='bbox 696 3151 786 3213; x_wconf 63' lang='lat' dir='ltr'><strong>Begriff</strong></span> <span class='ocrx_word' id='word_1_233' title='bbox 805 3152 846 3200; x_wconf 79' lang='lat' dir='ltr'><strong>dee</strong></span> <span class='ocrx_word' id='word_1_234' title='bbox 863 3150 1067 3215; x_wconf 81' lang='lat' dir='ltr'><strong>Heusrermdgens</strong></span> <span class='ocrx_word' id='word_1_235' title='bbox 1083 3150 1224 3200; x_wconf 76' lang='lat' dir='ltr'><strong>ebrichtlicb</strong></span> <span class='ocrx_word' id='word_1_236' title='bbox 1242 3151 1342 3201; x_wconf 82' lang='lat' dir='ltr'><strong>niemnlr</strong></span> <span class='ocrx_word' id='word_1_237' title='bbox 1357 3143 1466 3214; x_wconf 80' lang='lat' dir='ltr'><strong>jurirtircb</strong></span> 
     </span>
     <span class='ocr_line' id='line_1_26' title="bbox 311 3227 1467 3299; baseline 0.002 -18"><span class='ocrx_word' id='word_1_238' title='bbox 311 3233 407 3282; x_wconf 87' lang='lat' dir='ltr'><strong>definirt</strong></span> <span class='ocrx_word' id='word_1_239' title='bbox 432 3236 541 3293; x_wconf 82' lang='lat' dir='ltr'><strong>worden;</strong></span> <span class='ocrx_word' id='word_1_240' title='bbox 569 3251 594 3284; x_wconf 79' lang='lat' dir='ltr'><strong>ee</strong></span> <span class='ocrx_word' id='word_1_241' title='bbox 620 3234 660 3299; x_wconf 79' lang='lat' dir='ltr'><strong>leg</strong></span> <span class='ocrx_word' id='word_1_242' title='bbox 683 3235 709 3284; x_wconf 95' lang='lat' dir='ltr'><strong>in</strong></span> <span class='ocrx_word' id='word_1_243' title='bbox 731 3236 772 3284; x_wconf 88' lang='lat' dir='ltr'><strong>der</strong></span> <span class='ocrx_word' id='word_1_244' title='bbox 788 3235 843 3284; x_wconf 89' lang='lat' dir='ltr'><strong>ldee</strong></span> <span class='ocrx_word' id='word_1_245' title='bbox 860 3234 899 3283; x_wconf 81' lang='lat' dir='ltr'><strong>des</strong></span> <span class='ocrx_word' id='word_1_246' title='bbox 917 3234 1088 3293; x_wconf 79' lang='lat' dir='ltr'><strong>Keieerthnme,</strong></span> <span class='ocrx_word' id='word_1_247' title='bbox 1106 3233 1144 3282; x_wconf 91' lang='lat' dir='ltr'><strong>die</strong></span> <span class='ocrx_word' id='word_1_248' title='bbox 1161 3234 1249 3283; x_wconf 73' lang='lat' dir='ltr'><strong>Person</strong></span> <span class='ocrx_word' id='word_1_249' title='bbox 1266 3236 1307 3283; x_wconf 78' lang='lat' dir='ltr'><strong>des</strong></span> <span class='ocrx_word' id='word_1_250' title='bbox 1325 3235 1415 3283; x_wconf 78' lang='lat' dir='ltr'><strong>Keieerr</strong></span> <span class='ocrx_word' id='word_1_251' title='bbox 1431 3227 1467 3277; x_wconf 70' lang='lat' dir='ltr'><strong>mii</strong></span> 
     </span>
     <span class='ocr_line' id='line_1_27' title="bbox 311 3310 1466 3381; baseline -0.003 -17"><span class='ocrx_word' id='word_1_252' title='bbox 311 3315 362 3364; x_wconf 87' lang='lat' dir='ltr'><strong>dem</strong></span> <span class='ocrx_word' id='word_1_253' title='bbox 388 3316 465 3366; x_wconf 71' lang='lat' dir='ltr'><strong>Stante</strong></span> <span class='ocrx_word' id='word_1_254' title='bbox 488 3333 518 3366; x_wconf 84' lang='lat' dir='ltr'><strong>rn</strong></span> <span class='ocrx_word' id='word_1_255' title='bbox 535 3318 701 3376; x_wconf 83' lang='lat' dir='ltr'><strong>identificiren,</strong></span> <span class='ocrx_word' id='word_1_256' title='bbox 717 3319 762 3367; x_wconf 85' lang='lat' dir='ltr'><strong>wie</strong></span> <span class='ocrx_word' id='word_1_257' title='bbox 778 3318 828 3367; x_wconf 82' lang='lat' dir='ltr'><strong>dice</strong></span> <span class='ocrx_word' id='word_1_258' title='bbox 846 3317 890 3367; x_wconf 79' lang='lat' dir='ltr'><strong>neit</strong></span> <span class='ocrx_word' id='word_1_259' title='bbox 905 3317 1007 3381; x_wconf 76' lang='lat' dir='ltr'><strong>Ludwig</strong></span> <span class='ocrx_word' id='word_1_260' title='bbox 1024 3317 1087 3366; x_wconf 78' lang='lat' dir='ltr'><strong>xlv,</strong></span> <span class='ocrx_word' id='word_1_261' title='bbox 1101 3317 1128 3366; x_wconf 93' lang='lat' dir='ltr'><strong>in</strong></span> <span class='ocrx_word' id='word_1_262' title='bbox 1145 3317 1186 3366; x_wconf 88' lang='lat' dir='ltr'><strong>der</strong></span> <span class='ocrx_word' id='word_1_263' title='bbox 1202 3317 1327 3367; x_wconf 78' lang='lat' dir='ltr'><strong>absoluten</strong></span> <span class='ocrx_word' id='word_1_264' title='bbox 1344 3310 1466 3366; x_wconf 78' lang='lat' dir='ltr'><strong>Monarchie</strong></span> 
     </span>
     <span class='ocr_line' id='line_1_28' title="bbox 311 3399 1466 3465; baseline -0.003 -17"><span class='ocrx_word' id='word_1_265' title='bbox 311 3399 351 3448; x_wconf 88' lang='lat' dir='ltr'><strong>der</strong></span> <span class='ocrx_word' id='word_1_266' title='bbox 377 3415 478 3450; x_wconf 87' lang='lat' dir='ltr'><strong>neueren</strong></span> <span class='ocrx_word' id='word_1_267' title='bbox 504 3401 555 3449; x_wconf 80' lang='lat' dir='ltr'><strong>Zeit</strong></span> <span class='ocrx_word' id='word_1_268' title='bbox 581 3401 666 3450; x_wconf 75' lang='lat' dir='ltr'><strong>wieder</strong></span> <span class='ocrx_word' id='word_1_269' title='bbox 691 3400 849 3451; x_wconf 83' lang='lat' dir='ltr'><strong>vorkommt.&#39;’</strong></span> <span class='ocrx_word' id='word_1_270' title='bbox 883 3401 961 3451; x_wconf 87' lang='lat' dir='ltr'><strong>Immo</strong></span> <span class='ocrx_word' id='word_1_271' title='bbox 978 3417 1037 3465; x_wconf 84' lang='lat' dir='ltr'><strong>quee</strong></span> <span class='ocrx_word' id='word_1_272' title='bbox 1053 3401 1189 3450; x_wconf 76' lang='lat' dir='ltr'><strong>ludovicus</strong></span> <span class='ocrx_word' id='word_1_273' title='bbox 1206 3400 1269 3450; x_wconf 85' lang='lat' dir='ltr'>XIV.</span> <span class='ocrx_word' id='word_1_274' title='bbox 1288 3401 1374 3450; x_wconf 72' lang='lat' dir='ltr'><strong>dixitne</strong></span> <span class='ocrx_word' id='word_1_275' title='bbox 1390 3401 1466 3449; x_wconf 79' lang='lat' dir='ltr'><strong>fertur:</strong></span> 
     </span>
     <span class='ocr_line' id='line_1_29' title="bbox 310 3467 1466 3548; baseline -0.002 -16"><span class='ocrx_word' id='word_1_276' title='bbox 310 3467 408 3548; x_wconf 70' lang='lat' dir='ltr'><strong>„n’ritat</strong></span> <span class='ocrx_word' id='word_1_277' title='bbox 425 3483 481 3533; x_wconf 82' lang='lat' dir='ltr'><strong>c&#39;eet</strong></span> <span class='ocrx_word' id='word_1_278' title='bbox 497 3484 562 3533; x_wconf 79' lang='lat' dir='ltr'><strong>moi¹³</strong></span> <span class='ocrx_word' id='word_1_279' title='bbox 580 3512 613 3521; x_wconf 92' lang='lat'>—</span> <span class='ocrx_word' id='word_1_280' title='bbox 631 3501 658 3533; x_wconf 82' lang='lat' dir='ltr'><strong>ee</strong></span> <span class='ocrx_word' id='word_1_281' title='bbox 675 3484 745 3533; x_wconf 83' lang='lat' dir='ltr'><strong>verbe</strong></span> <span class='ocrx_word' id='word_1_282' title='bbox 762 3487 858 3534; x_wconf 76' lang='lat' dir='ltr'><strong>tor-terre</strong></span> <span class='ocrx_word' id='word_1_283' title='bbox 874 3484 946 3534; x_wconf 83' lang='lat' dir='ltr'><strong>etiem</strong></span> <span class='ocrx_word' id='word_1_284' title='bbox 962 3485 1039 3548; x_wconf 77' lang='lat' dir='ltr'><strong>mugit</strong></span> <span class='ocrx_word' id='word_1_285' title='bbox 1056 3485 1143 3533; x_wconf 82' lang='lat' dir='ltr'><strong>cedunt</strong></span> <span class='ocrx_word' id='word_1_286' title='bbox 1159 3483 1185 3532; x_wconf 90' lang='lat' dir='ltr'><strong>in</strong></span> <span class='ocrx_word' id='word_1_287' title='bbox 1195 3484 1347 3548; x_wconf 72' lang='lat' dir='ltr'><strong>imperatores</strong></span> <span class='ocrx_word' id='word_1_288' title='bbox 1355 3485 1466 3532; x_wconf 71' lang='lat' dir='ltr'><strong>mnenon.</strong></span> 
     </span>
    </p>

    <p class='ocr_par' dir='ltr' id='par_1_8' title="bbox 341 3564 990 3632">
     <span class='ocr_line' id='line_1_30' title="bbox 341 3564 990 3632; baseline 0.002 -17"><span class='ocrx_word' id='word_1_289' title='bbox 341 3564 362 3626; x_wconf 67' lang='grc' dir='ltr'><strong>ι)</strong></span> <span class='ocrx_word' id='word_1_290' title='bbox 395 3566 431 3615; x_wconf 93' lang='lat' dir='ltr'><strong>De</strong></span> <span class='ocrx_word' id='word_1_291' title='bbox 447 3567 512 3616; x_wconf 81' lang='lat' dir='ltr'><strong>hicce</strong></span> <span class='ocrx_word' id='word_1_292' title='bbox 528 3568 639 3617; x_wconf 78' lang='lat' dir='ltr'><strong>omnibus</strong></span> <span class='ocrx_word' id='word_1_293' title='bbox 656 3568 710 3617; x_wconf 86' lang='lat' dir='ltr'><strong>ride</strong></span> <span class='ocrx_word' id='word_1_294' title='bbox 727 3567 878 3616; x_wconf 83' lang='lat' dir='ltr'><strong>Prooemium</strong></span> <span class='ocrx_word' id='word_1_295' title='bbox 895 3584 948 3632; x_wconf 69' lang='lat' dir='ltr'><strong>pag.</strong></span> <span class='ocrx_word' id='word_1_296' title='bbox 967 3569 990 3616; x_wconf 79' lang='lat'><strong>5.</strong></span> 
     </span>
    </p>

    <p class='ocr_par' dir='ltr' id='par_1_9' title="bbox 308 3649 1467 3884">
     <span class='ocr_line' id='line_1_31' title="bbox 344 3649 1467 3718; baseline -0.006 -18"><span class='ocrx_word' id='word_1_297' title='bbox 344 3649 365 3708; x_wconf 83' lang='lat'><strong>⁴)</strong></span> <span class='ocrx_word' id='word_1_298' title='bbox 398 3650 520 3717; x_wconf 71' lang='lat' dir='ltr'><strong>Principes</strong></span> <span class='ocrx_word' id='word_1_299' title='bbox 546 3652 611 3718; x_wconf 79' lang='lat' dir='ltr'><strong>ipecn</strong></span> <span class='ocrx_word' id='word_1_300' title='bbox 636 3650 694 3700; x_wconf 78' lang='lat' dir='ltr'><strong>telin</strong></span> <span class='ocrx_word' id='word_1_301' title='bbox 719 3652 815 3700; x_wconf 70' lang='lat' dir='ltr'><strong>fortem</strong></span> <span class='ocrx_word' id='word_1_302' title='bbox 840 3655 863 3700; x_wconf 85' lang='lat' dir='ltr'><strong>et</strong></span> <span class='ocrx_word' id='word_1_303' title='bbox 886 3651 912 3699; x_wconf 93' lang='lat' dir='ltr'><strong>in</strong></span> <span class='ocrx_word' id='word_1_304' title='bbox 929 3651 1097 3699; x_wconf 89' lang='lat' dir='ltr'><strong>beneficiorum</strong></span> <span class='ocrx_word' id='word_1_305' title='bbox 1115 3649 1166 3698; x_wconf 89' lang='lat' dir='ltr'><strong>loco</strong></span> <span class='ocrx_word' id='word_1_306' title='bbox 1184 3665 1319 3700; x_wconf 77' lang='lat' dir='ltr'><strong>numemce</strong></span> <span class='ocrx_word' id='word_1_307' title='bbox 1336 3653 1358 3699; x_wconf 87' lang='lat' dir='ltr'><strong>et</strong></span> <span class='ocrx_word' id='word_1_308' title='bbox 1374 3649 1417 3698; x_wconf 83' lang='lat' dir='ltr'><strong>tibi</strong></span> <span class='ocrx_word' id='word_1_309' title='bbox 1433 3658 1467 3712; x_wconf 87' lang='lat' dir='ltr'><strong>pro</strong></span> 
     </span>
     <span class='ocr_line' id='line_1_32' title="bbox 308 3728 1466 3798; baseline -0.009 -13"><span class='ocrx_word' id='word_1_310' title='bbox 308 3735 428 3786; x_wconf 69' lang='lat' dir='ltr'><strong>benefieiis</strong></span> <span class='ocrx_word' id='word_1_311' title='bbox 453 3736 503 3784; x_wconf 79' lang='lat' dir='ltr'><strong>deri</strong></span> <span class='ocrx_word' id='word_1_312' title='bbox 529 3735 633 3784; x_wconf 73' lang='lat' dir='ltr'><strong>voluisse</strong></span> <span class='ocrx_word' id='word_1_313' title='bbox 652 3734 715 3783; x_wconf 76' lang='lat' dir='ltr'><strong>hand</strong></span> <span class='ocrx_word' id='word_1_314' title='bbox 731 3735 865 3784; x_wconf 77' lang='lat' dir='ltr'><strong>abnuerim.</strong></span> <span class='ocrx_word' id='word_1_315' title='bbox 900 3734 983 3798; x_wconf 77' lang='lat' dir='ltr'><strong>Cogite</strong></span> <span class='ocrx_word' id='word_1_316' title='bbox 999 3734 1028 3783; x_wconf 86' lang='lat' dir='ltr'><strong>dc</strong></span> <span class='ocrx_word' id='word_1_317' title='bbox 1045 3734 1075 3782; x_wconf 81' lang='lat' dir='ltr'><strong>iis</strong></span> <span class='ocrx_word' id='word_1_318' title='bbox 1092 3749 1152 3798; x_wconf 82' lang='lat' dir='ltr'><strong>quee</strong></span> <span class='ocrx_word' id='word_1_319' title='bbox 1168 3733 1197 3782; x_wconf 89' lang='lat' dir='ltr'><strong>de</strong></span> <span class='ocrx_word' id='word_1_320' title='bbox 1214 3733 1378 3782; x_wconf 81' lang='lat' dir='ltr'><strong>munificentie</strong></span> <span class='ocrx_word' id='word_1_321' title='bbox 1395 3747 1433 3780; x_wconf 80' lang='lat' dir='ltr'><strong>nun</strong></span> <span class='ocrx_word' id='word_1_322' title='bbox 1446 3728 1466 3776; x_wconf 89' lang='lat' dir='ltr'><strong>in</strong></span> 
     </span>
     <span class='ocr_line' id='line_1_33' title="bbox 309 3812 1465 3884; baseline -0.006 -15"><span class='ocrx_word' id='word_1_323' title='bbox 309 3820 464 3869; x_wconf 86' lang='lat' dir='ltr'><strong>Monumento</strong></span> <span class='ocrx_word' id='word_1_324' title='bbox 486 3821 611 3884; x_wconf 81' lang='lat' dir='ltr'><strong>Ancyreno</strong></span> <span class='ocrx_word' id='word_1_325' title='bbox 629 3819 746 3883; x_wconf 78' lang='lat' dir='ltr'><strong>praedicet</strong></span> <span class='ocrx_word' id='word_1_326' title='bbox 763 3821 892 3882; x_wconf 74' lang='lat' dir='ltr'><strong>Augustus,</strong></span> <span class='ocrx_word' id='word_1_327' title='bbox 909 3823 934 3867; x_wconf 86' lang='lat' dir='ltr'><strong>et</strong></span> <span class='ocrx_word' id='word_1_328' title='bbox 950 3818 979 3866; x_wconf 85' lang='lat' dir='ltr'><strong>ei.</strong></span> <span class='ocrx_word' id='word_1_329' title='bbox 998 3817 1090 3882; x_wconf 82' lang='lat' dir='ltr'><strong>Herzog</strong></span> <span class='ocrx_word' id='word_1_330' title='bbox 1106 3816 1123 3866; x_wconf 91' lang='lat' dir='ltr'><strong>l.</strong></span> <span class='ocrx_word' id='word_1_331' title='bbox 1141 3817 1159 3866; x_wconf 93' lang='grc'><strong>1.</strong></span> <span class='ocrx_word' id='word_1_332' title='bbox 1177 3833 1245 3882; x_wconf 74' lang='lat' dir='ltr'><strong>pugg.</strong></span> <span class='ocrx_word' id='word_1_333' title='bbox 1264 3817 1312 3866; x_wconf 78' lang='lat'><strong>215</strong></span> <span class='ocrx_word' id='word_1_334' title='bbox 1332 3833 1402 3881; x_wconf 63' lang='lat' dir='ltr'><strong>seqq„</strong></span> <span class='ocrx_word' id='word_1_335' title='bbox 1419 3812 1465 3862; x_wconf 80' lang='grc'>663.</span> 
     </span>
    </p>

    <p class='ocr_par' dir='ltr' id='par_1_10' title="bbox 306 3897 1466 4384">
     <span class='ocr_line' id='line_1_34' title="bbox 343 3897 1466 3968; baseline -0.009 -15"><span class='ocrx_word' id='word_1_336' title='bbox 343 3905 361 3965; x_wconf 78' lang='lat'><strong>¹)</strong></span> <span class='ocrx_word' id='word_1_337' title='bbox 395 3906 515 3968; x_wconf 74' lang='lat' dir='ltr'><strong>Angustus</strong></span> <span class='ocrx_word' id='word_1_338' title='bbox 540 3902 658 3967; x_wconf 72' lang='lat' dir='ltr'><strong>congiaria</strong></span> <span class='ocrx_word' id='word_1_339' title='bbox 683 3917 732 3960; x_wconf 82' lang='lat' dir='ltr'><strong>sue,</strong></span> <span class='ocrx_word' id='word_1_340' title='bbox 755 3917 814 3966; x_wconf 78' lang='lat' dir='ltr'><strong>quae</strong></span> <span class='ocrx_word' id='word_1_341' title='bbox 841 3904 963 3950; x_wconf 81' lang='lat' dir='ltr'><strong>enumeret</strong></span> <span class='ocrx_word' id='word_1_342' title='bbox 991 3901 1058 3950; x_wconf 82' lang='lat' dir='ltr'><strong>Mon.</strong></span> <span class='ocrx_word' id='word_1_343' title='bbox 1084 3901 1143 3949; x_wconf 77' lang='lat' dir='ltr'><strong>Ano.</strong></span> <span class='ocrx_word' id='word_1_344' title='bbox 1161 3900 1212 3949; x_wconf 83' lang='lat' dir='ltr'><strong>Iut.</strong></span> <span class='ocrx_word' id='word_1_345' title='bbox 1230 3900 1285 3958; x_wconf 66' lang='lat' dir='ltr'><strong>&amp;t</strong></span> <span class='ocrx_word' id='word_1_346' title='bbox 1304 3897 1466 3964; x_wconf 78' lang='lat' dir='ltr'><strong>seqq.,prrtin1</strong></span> 
     </span>
     <span class='ocr_line' id='line_1_35' title="bbox 308 3983 1466 4051; baseline -0.005 -15"><span class='ocrx_word' id='word_1_347' title='bbox 308 3987 336 4036; x_wconf 88' lang='lat' dir='ltr'><strong>de</strong></span> <span class='ocrx_word' id='word_1_348' title='bbox 354 4003 405 4044; x_wconf 82' lang='lat' dir='ltr'><strong>nno,</strong></span> <span class='ocrx_word' id='word_1_349' title='bbox 423 3987 507 4051; x_wconf 74' lang='lat' dir='ltr'><strong>partim</strong></span> <span class='ocrx_word' id='word_1_350' title='bbox 526 4002 554 4035; x_wconf 86' lang='lat' dir='ltr'><strong>ex</strong></span> <span class='ocrx_word' id='word_1_351' title='bbox 570 3985 688 4035; x_wconf 86' lang='lat' dir='ltr'><strong>bellorum</strong></span> <span class='ocrx_word' id='word_1_352' title='bbox 706 3984 818 4033; x_wconf 81' lang='lat' dir='ltr'><strong>menibiis</strong></span> <span class='ocrx_word' id='word_1_353' title='bbox 835 3984 1000 4049; x_wconf 78' lang='lat' dir='ltr'><strong>suppeditavit.</strong></span> <span class='ocrx_word' id='word_1_354' title='bbox 1036 3984 1173 4032; x_wconf 79' lang='lat' dir='ltr'><strong>Antoninus</strong></span> <span class='ocrx_word' id='word_1_355' title='bbox 1189 3983 1248 4032; x_wconf 80' lang='lat' dir='ltr'><strong>Piut</strong></span> <span class='ocrx_word' id='word_1_356' title='bbox 1266 3983 1423 4048; x_wconf 71' lang='lat' dir='ltr'><strong>„congiarium</strong></span> <span class='ocrx_word' id='word_1_357' title='bbox 1434 3995 1466 4044; x_wconf 72' lang='lat' dir='ltr'><strong>po</strong></span> 
     </span>
     <span class='ocr_line' id='line_1_36' title="bbox 307 4063 1466 4136; baseline -0.008 -18"><span class='ocrx_word' id='word_1_358' title='bbox 307 4069 366 4136; x_wconf 90' lang='lat' dir='ltr'><strong>pulo</strong></span> <span class='ocrx_word' id='word_1_359' title='bbox 392 4071 421 4118; x_wconf 91' lang='lat' dir='ltr'><strong>de</strong></span> <span class='ocrx_word' id='word_1_360' title='bbox 445 4070 540 4136; x_wconf 90' lang='lat' dir='ltr'><strong>proprio</strong></span> <span class='ocrx_word' id='word_1_361' title='bbox 557 4068 647 4119; x_wconf 88' lang='lat' dir='ltr'><strong>dedit.&#39;&#39;</strong></span> <span class='ocrx_word' id='word_1_362' title='bbox 680 4067 790 4133; x_wconf 65' lang='lat' dir='ltr'><strong>(Capitol.</strong></span> <span class='ocrx_word' id='word_1_363' title='bbox 809 4070 896 4117; x_wconf 79' lang='lat' dir='ltr'><strong>Anton.</strong></span> <span class='ocrx_word' id='word_1_364' title='bbox 915 4068 973 4116; x_wconf 81' lang='lat' dir='ltr'><strong>Pius</strong></span> <span class='ocrx_word' id='word_1_365' title='bbox 990 4069 1014 4127; x_wconf 75' lang='lat'><strong>4,</strong></span> <span class='ocrx_word' id='word_1_366' title='bbox 1032 4067 1066 4126; x_wconf 77' lang='lat'><strong>9.)</strong></span> <span class='ocrx_word' id='word_1_367' title='bbox 1099 4067 1165 4116; x_wconf 88' lang='lat' dir='ltr'><strong>Num</strong></span> <span class='ocrx_word' id='word_1_368' title='bbox 1182 4067 1245 4116; x_wconf 91' lang='lat' dir='ltr'><strong>idem</strong></span> <span class='ocrx_word' id='word_1_369' title='bbox 1263 4067 1346 4116; x_wconf 77' lang='lat' dir='ltr'><strong>fecitte</strong></span> <span class='ocrx_word' id='word_1_370' title='bbox 1363 4063 1466 4130; x_wconf 81' lang='lat' dir='ltr'><strong>putendm</strong></span> 
     </span>
     <span class='ocr_line' id='line_1_37' title="bbox 307 4148 1466 4217; baseline -0.008 -15"><span class='ocrx_word' id='word_1_371' title='bbox 307 4157 344 4202; x_wconf 79' lang='lat' dir='ltr'><strong>cet</strong></span> <span class='ocrx_word' id='word_1_372' title='bbox 374 4152 468 4201; x_wconf 75' lang='lat' dir='ltr'><strong>Marcus</strong></span> <span class='ocrx_word' id='word_1_373' title='bbox 495 4152 614 4210; x_wconf 76' lang='lat' dir='ltr'><strong>Aureliae,</strong></span> <span class='ocrx_word' id='word_1_374' title='bbox 640 4152 669 4200; x_wconf 91' lang='lat' dir='ltr'><strong>dc</strong></span> <span class='ocrx_word' id='word_1_375' title='bbox 694 4167 741 4215; x_wconf 87' lang='lat' dir='ltr'><strong>qno</strong></span> <span class='ocrx_word' id='word_1_376' title='bbox 766 4150 916 4217; x_wconf 76' lang='lat' dir='ltr'><strong>Capitolinus</strong></span> <span class='ocrx_word' id='word_1_377' title='bbox 942 4150 986 4212; x_wconf 85' lang='lat' dir='ltr'><strong>(M.</strong></span> <span class='ocrx_word' id='word_1_378' title='bbox 1010 4152 1098 4200; x_wconf 84' lang='lat' dir='ltr'><strong>Anton.</strong></span> <span class='ocrx_word' id='word_1_379' title='bbox 1115 4150 1206 4198; x_wconf 83' lang='lat' dir='ltr'><strong>Philon.</strong></span> <span class='ocrx_word' id='word_1_380' title='bbox 1225 4150 1266 4210; x_wconf 76' lang='lat'><strong>27,</strong></span> <span class='ocrx_word' id='word_1_381' title='bbox 1284 4151 1325 4212; x_wconf 78' lang='lat'><strong>8)=</strong></span> <span class='ocrx_word' id='word_1_382' title='bbox 1344 4148 1466 4215; x_wconf 77' lang='lat' dir='ltr'><strong>„Filioruc</strong></span> 
     </span>
     <span class='ocr_line' id='line_1_38' title="bbox 307 4229 1466 4301; baseline -0.004 -16"><span class='ocrx_word' id='word_1_383' title='bbox 307 4235 397 4285; x_wconf 85' lang='lat' dir='ltr'><strong>Bruttii</strong></span> <span class='ocrx_word' id='word_1_384' title='bbox 423 4235 554 4286; x_wconf 73' lang='lat' dir='ltr'><strong>Preceentir</strong></span> <span class='ocrx_word' id='word_1_385' title='bbox 579 4235 657 4284; x_wconf 74' lang='lat' dir='ltr'><strong>etiem</strong></span> <span class='ocrx_word' id='word_1_386' title='bbox 679 4234 758 4284; x_wconf 87' lang='lat' dir='ltr'><strong>iunxit</strong></span> <span class='ocrx_word' id='word_1_387' title='bbox 775 4234 865 4301; x_wconf 77' lang='lat' dir='ltr'><strong>nuptiis</strong></span> <span class='ocrx_word' id='word_1_388' title='bbox 882 4233 1005 4283; x_wconf 77' lang='lat' dir='ltr'><strong>celebretis</strong></span> <span class='ocrx_word' id='word_1_389' title='bbox 1021 4233 1129 4299; x_wconf 82' lang='lat' dir='ltr'><strong>exemplo</strong></span> <span class='ocrx_word' id='word_1_390' title='bbox 1145 4232 1301 4298; x_wconf 77' lang='lat' dir='ltr'><strong>priuatorum,</strong></span> <span class='ocrx_word' id='word_1_391' title='bbox 1323 4248 1392 4298; x_wconf 73' lang='lat' dir='ltr'><strong>quere</strong></span> <span class='ocrx_word' id='word_1_392' title='bbox 1406 4229 1466 4280; x_wconf 78' lang='lat' dir='ltr'><strong>etim</strong></span> 
     </span>
     <span class='ocr_line' id='line_1_39' title="bbox 306 4315 1466 4384; baseline -0.006 -15"><span class='ocrx_word' id='word_1_393' title='bbox 306 4319 453 4384; x_wconf 73' lang='lat' dir='ltr'><strong>congiarium</strong></span> <span class='ocrx_word' id='word_1_394' title='bbox 485 4319 551 4369; x_wconf 83' lang='lat' dir='ltr'><strong>dedit</strong></span> <span class='ocrx_word' id='word_1_395' title='bbox 575 4317 710 4384; x_wconf 82' lang='lat' dir='ltr'><strong>populo.”i</strong></span> <span class='ocrx_word' id='word_1_396' title='bbox 744 4319 778 4367; x_wconf 81' lang='lat' dir='ltr'><strong>At</strong></span> <span class='ocrx_word' id='word_1_397' title='bbox 801 4319 849 4367; x_wconf 81' lang='lat' dir='ltr'><strong>fere</strong></span> <span class='ocrx_word' id='word_1_398' title='bbox 874 4317 1046 4382; x_wconf 71' lang='lat' dir='ltr'><strong>congiariornm</strong></span> <span class='ocrx_word' id='word_1_399' title='bbox 1071 4316 1193 4382; x_wconf 75' lang='lat' dir='ltr'><strong>impendio</strong></span> <span class='ocrx_word' id='word_1_400' title='bbox 1216 4317 1272 4366; x_wconf 78' lang='lat' dir='ltr'><strong>dcco</strong></span> <span class='ocrx_word' id='word_1_401' title='bbox 1297 4315 1466 4368; x_wconf 67' lang='lat' dir='ltr'><strong>sustinebantur.</strong></span> 
     </span>
    </p>
   </div>
   <div class='ocr_carea' id='block_1_7' title="bbox 0 0 1524 5134">
    <p class='ocr_par' dir='ltr' id='par_1_11' title="bbox 0 0 1524 5134">
     <span class='ocr_line' id='line_1_40' title="bbox 0 0 1524 5134; baseline 0 0"><span class='ocrx_word' id='word_1_402' title='bbox 0 0 1524 5134; x_wconf 95' lang='lat' dir='ltr'><strong> </strong></span> 
     </span>
    </p>
   </div>
  </div>
 </body>
</html>
