<?xml version="1.0" encoding="UTF-8"?>
<!DOCTYPE html PUBLIC "-//W3C//DTD XHTML 1.0 Transitional//EN"
    "http://www.w3.org/TR/xhtml1/DTD/xhtml1-transitional.dtd">
<html xmlns="http://www.w3.org/1999/xhtml" xml:lang="en" lang="en">
 <head>
  <title>
</title>
<meta http-equiv="Content-Type" content="text/html;charset=utf-8" />
  <meta name='ocr-system' content='tesseract 3.04.00' />
  <meta name='ocr-capabilities' content='ocr_page ocr_carea ocr_par ocr_line ocrx_word'/>
</head>
<body>
  <div class='ocr_page' id='page_1' title='image "./depauperumcuraa01essegoog_0255.png"; bbox 0 0 3084 5128; ppageno 0'>
   <div class='ocr_carea' id='block_1_1' title="bbox 880 625 944 692">
    <p class='ocr_par' dir='ltr' id='par_1_1' title="bbox 880 625 944 692">
     <span class='ocr_line' id='line_1_1' title="bbox 880 625 944 692; baseline -0.031 0"><span class='ocrx_word' id='word_1_1' title='bbox 880 625 944 692; x_wconf 79' lang='lat'><strong>234</strong></span> 
     </span>
    </p>
   </div>
   <div class='ocr_carea' id='block_1_2' title="bbox 325 799 1528 3499">
    <p class='ocr_par' dir='ltr' id='par_1_2' title="bbox 325 799 1528 1554">
     <span class='ocr_line' id='line_1_2' title="bbox 325 799 1528 893; baseline -0.012 -17"><span class='ocrx_word' id='word_1_2' title='bbox 325 807 483 876; x_wconf 86' lang='lat' dir='ltr'><strong>meliores</strong></span> <span class='ocrx_word' id='word_1_3' title='bbox 524 807 657 893; x_wconf 88' lang='lat' dir='ltr'><strong>quaerit</strong></span> <span class='ocrx_word' id='word_1_4' title='bbox 691 805 795 872; x_wconf 92' lang='lat' dir='ltr'><strong>nullis</strong></span> <span class='ocrx_word' id='word_1_5' title='bbox 829 804 899 870; x_wconf 89' lang='lat' dir='ltr'><strong>suis</strong></span> <span class='ocrx_word' id='word_1_6' title='bbox 932 801 1034 869; x_wconf 91' lang='lat' dir='ltr'><strong>rebus</strong></span> <span class='ocrx_word' id='word_1_7' title='bbox 1070 801 1232 870; x_wconf 88' lang='lat' dir='ltr'><strong>adversis.</strong></span> <span class='ocrx_word' id='word_1_8' title='bbox 1289 799 1475 887; x_wconf 80' lang='lat' dir='ltr'>Propensior</span> <span class='ocrx_word' id='word_1_9' title='bbox 1527 857 1528 861; x_wconf 73' lang='grc'><strong>,</strong></span> 
     </span>
     <span class='ocr_line' id='line_1_3' title="bbox 326 913 1475 1006; baseline -0.01 -19"><span class='ocrx_word' id='word_1_10' title='bbox 326 921 520 1006; x_wconf 81' lang='lat' dir='ltr'>benignitas</span> <span class='ocrx_word' id='word_1_11' title='bbox 541 941 611 986; x_wconf 86' lang='lat' dir='ltr'><strong>esse</strong></span> <span class='ocrx_word' id='word_1_12' title='bbox 635 917 772 1002; x_wconf 80' lang='lat' dir='ltr'><strong>debebit</strong></span> <span class='ocrx_word' id='word_1_13' title='bbox 795 917 832 982; x_wconf 93' lang='lat' dir='ltr'><strong>in</strong></span> <span class='ocrx_word' id='word_1_14' title='bbox 855 915 1079 996; x_wconf 67' lang='lat' dir='ltr'><strong>calamitosos</strong></span> <span class='ocrx_word' id='word_1_15' title='bbox 1106 914 1171 983; x_wconf 90' lang='lat' dir='ltr'><strong>nisi</strong></span> <span class='ocrx_word' id='word_1_16' title='bbox 1184 915 1269 981; x_wconf 88' lang='lat' dir='ltr'><strong>forte</strong></span> <span class='ocrx_word' id='word_1_17' title='bbox 1283 920 1382 980; x_wconf 88' lang='lat' dir='ltr'><strong>erunt</strong></span> <span class='ocrx_word' id='word_1_18' title='bbox 1394 913 1475 998; x_wconf 89' lang='lat' dir='ltr'><strong>digni</strong></span> 
     </span>
     <span class='ocr_line' id='line_1_4' title="bbox 325 1011 1528 1119; baseline -0.013 -17"><span class='ocrx_word' id='word_1_19' title='bbox 325 1034 529 1102; x_wconf 82' lang='lat' dir='ltr'><strong>calamitate.</strong></span> <span class='ocrx_word' id='word_1_20' title='bbox 569 1033 618 1119; x_wconf 16' lang='lat' dir='ltr'><strong>*In</strong></span> <span class='ocrx_word' id='word_1_21' title='bbox 651 1011 693 1100; x_wconf 90' lang='lat' dir='ltr'><strong>iis</strong></span> <span class='ocrx_word' id='word_1_22' title='bbox 726 1038 852 1112; x_wconf 87' lang='lat' dir='ltr'><strong>tamen,</strong></span> <span class='ocrx_word' id='word_1_23' title='bbox 878 1031 938 1118; x_wconf 90' lang='lat' dir='ltr'><strong>qui</strong></span> <span class='ocrx_word' id='word_1_24' title='bbox 961 1051 995 1095; x_wconf 89' lang='lat' dir='ltr'><strong>se</strong></span> <span class='ocrx_word' id='word_1_25' title='bbox 1019 1028 1176 1097; x_wconf 88' lang='lat' dir='ltr'><strong>adiuvari</strong></span> <span class='ocrx_word' id='word_1_26' title='bbox 1201 1027 1327 1109; x_wconf 82' lang='lat' dir='ltr'><strong>volent,</strong></span> <span class='ocrx_word' id='word_1_27' title='bbox 1355 1049 1418 1093; x_wconf 90' lang='lat' dir='ltr'><strong>non</strong></span> <span class='ocrx_word' id='word_1_28' title='bbox 1440 1047 1474 1092; x_wconf 91' lang='lat' dir='ltr'><strong>ne</strong></span> <span class='ocrx_word' id='word_1_29' title='bbox 1527 1083 1528 1086; x_wconf 74' lang='grc'><strong>,</strong></span> 
     </span>
     <span class='ocr_line' id='line_1_5' title="bbox 326 1139 1528 1232; baseline -0.013 -14"><span class='ocrx_word' id='word_1_30' title='bbox 326 1148 544 1232; x_wconf 84' lang='lat' dir='ltr'><strong>adfligentur,</strong></span> <span class='ocrx_word' id='word_1_31' title='bbox 582 1146 639 1212; x_wconf 90' lang='lat' dir='ltr'><strong>sed</strong></span> <span class='ocrx_word' id='word_1_32' title='bbox 674 1151 714 1220; x_wconf 88' lang='lat' dir='ltr'><strong>ut</strong></span> <span class='ocrx_word' id='word_1_33' title='bbox 746 1144 903 1211; x_wconf 87' lang='lat' dir='ltr'><strong>altiorem</strong></span> <span class='ocrx_word' id='word_1_34' title='bbox 936 1143 1083 1228; x_wconf 89' lang='lat' dir='ltr'><strong>gradum</strong></span> <span class='ocrx_word' id='word_1_35' title='bbox 1118 1142 1314 1223; x_wconf 77' lang='lat' dir='ltr'><strong>ascendant,</strong></span> <span class='ocrx_word' id='word_1_36' title='bbox 1349 1139 1474 1208; x_wconf 84' lang='lat' dir='ltr'><strong>restricti</strong></span> <span class='ocrx_word' id='word_1_37' title='bbox 1527 1199 1528 1202; x_wconf 74' lang='grc'><strong>,</strong></span> 
     </span>
     <span class='ocr_line' id='line_1_6' title="bbox 326 1245 1477 1340; baseline -0.009 -12"><span class='ocrx_word' id='word_1_38' title='bbox 326 1262 468 1328; x_wconf 91' lang='lat' dir='ltr'><strong>omnino</strong></span> <span class='ocrx_word' id='word_1_39' title='bbox 502 1281 572 1328; x_wconf 87' lang='lat' dir='ltr'><strong>esse</strong></span> <span class='ocrx_word' id='word_1_40' title='bbox 606 1258 702 1325; x_wconf 91' lang='lat' dir='ltr'><strong>nullo</strong></span> <span class='ocrx_word' id='word_1_41' title='bbox 737 1257 839 1325; x_wconf 92' lang='lat' dir='ltr'><strong>modo</strong></span> <span class='ocrx_word' id='word_1_42' title='bbox 867 1245 1041 1337; x_wconf 86' lang='lat' dir='ltr'><strong>debemus,</strong></span> <span class='ocrx_word' id='word_1_43' title='bbox 1066 1255 1124 1321; x_wconf 90' lang='lat' dir='ltr'><strong>sed</strong></span> <span class='ocrx_word' id='word_1_44' title='bbox 1150 1255 1186 1320; x_wconf 92' lang='lat' dir='ltr'><strong>in</strong></span> <span class='ocrx_word' id='word_1_45' title='bbox 1211 1255 1399 1340; x_wconf 85' lang='lat' dir='ltr'><strong>deligendis</strong></span> <span class='ocrx_word' id='word_1_46' title='bbox 1416 1253 1477 1319; x_wconf 91' lang='lat' dir='ltr'><strong>ido-</strong></span> 
     </span>
     <span class='ocr_line' id='line_1_7' title="bbox 326 1366 1528 1457; baseline -0.009 -16"><span class='ocrx_word' id='word_1_47' title='bbox 326 1375 400 1442; x_wconf 90' lang='lat' dir='ltr'><strong>neis</strong></span> <span class='ocrx_word' id='word_1_48' title='bbox 444 1373 612 1440; x_wconf 86' lang='lat' dir='ltr'><strong>iudicium</strong></span> <span class='ocrx_word' id='word_1_49' title='bbox 650 1377 683 1440; x_wconf 89' lang='lat' dir='ltr'><strong>et</strong></span> <span class='ocrx_word' id='word_1_50' title='bbox 721 1370 937 1457; x_wconf 82' lang='lat' dir='ltr'><strong>diligentiam</strong></span> <span class='ocrx_word' id='word_1_51' title='bbox 975 1369 1148 1436; x_wconf 89' lang='lat' dir='ltr'><strong>adhibere.</strong></span> <span class='ocrx_word' id='word_1_52' title='bbox 1196 1369 1286 1434; x_wconf 90' lang='lat' dir='ltr'><strong>Nam</strong></span> <span class='ocrx_word' id='word_1_53' title='bbox 1324 1366 1477 1455; x_wconf 88' lang='lat' dir='ltr'><strong>praeclare</strong></span> <span class='ocrx_word' id='word_1_54' title='bbox 1527 1393 1528 1431; x_wconf 75' lang='grc' dir='ltr'><strong>ς</strong></span> 
     </span>
     <span class='ocr_line' id='line_1_8' title="bbox 326 1487 481 1554; baseline -0.019 0"><span class='ocrx_word' id='word_1_55' title='bbox 326 1487 481 1554; x_wconf 84' lang='lat' dir='ltr'><strong>Ennius:</strong></span> 
     </span>
    </p>

    <p class='ocr_par' dir='ltr' id='par_1_3' title="bbox 340 1595 1396 1665">
     <span class='ocr_line' id='line_1_9' title="bbox 340 1595 1396 1665; baseline 0.001 -5"><span class='ocrx_word' id='word_1_56' title='bbox 340 1655 341 1660; x_wconf 75' lang='grc'><strong>,</strong></span> <span class='ocrx_word' id='word_1_57' title='bbox 424 1600 550 1665; x_wconf 90' lang='lat' dir='ltr'><strong>Bene</strong></span> <span class='ocrx_word' id='word_1_58' title='bbox 584 1599 716 1665; x_wconf 73' lang='lat' dir='ltr'><strong>facta</strong></span> <span class='ocrx_word' id='word_1_59' title='bbox 750 1597 872 1664; x_wconf 88' lang='lat' dir='ltr'><strong>male</strong></span> <span class='ocrx_word' id='word_1_60' title='bbox 906 1597 1072 1664; x_wconf 84' lang='grc'><strong>1161111</strong></span> <span class='ocrx_word' id='word_1_61' title='bbox 1106 1595 1226 1662; x_wconf 89' lang='lat' dir='ltr'><strong>male</strong></span> <span class='ocrx_word' id='word_1_62' title='bbox 1262 1595 1396 1662; x_wconf 85' lang='lat' dir='ltr'><strong>sacta</strong></span> 
     </span>
    </p>

    <p class='ocr_par' dir='ltr' id='par_1_4' title="bbox 785 1709 1040 1777">
     <span class='ocr_line' id='line_1_10' title="bbox 785 1709 1040 1777; baseline -0.012 0"><span class='ocrx_word' id='word_1_63' title='bbox 785 1709 978 1777; x_wconf 77' lang='lat' dir='ltr'><strong>arbitro</strong></span> <span class='ocrx_word' id='word_1_64' title='bbox 992 1711 1040 1774; x_wconf 90' lang='lat' dir='ltr'><strong>r.&#39;&#39;</strong></span> 
     </span>
    </p>

    <p class='ocr_par' dir='ltr' id='par_1_5' title="bbox 326 1822 1528 3499">
     <span class='ocr_line' id='line_1_11' title="bbox 326 1822 1528 1910; baseline -0.003 -18"><span class='ocrx_word' id='word_1_65' title='bbox 326 1825 431 1892; x_wconf 89' lang='lat' dir='ltr'><strong>Hisce</strong></span> <span class='ocrx_word' id='word_1_66' title='bbox 455 1825 566 1893; x_wconf 89' lang='lat' dir='ltr'><strong>verbis</strong></span> <span class='ocrx_word' id='word_1_67' title='bbox 589 1825 704 1910; x_wconf 63' lang='lat' dir='ltr'><strong>igitur,</strong></span> <span class='ocrx_word' id='word_1_68' title='bbox 717 1824 944 1890; x_wconf 81' lang='lat' dir='ltr'><strong>admonemur</strong></span> <span class='ocrx_word' id='word_1_69' title='bbox 968 1829 1005 1888; x_wconf 91' lang='lat' dir='ltr'><strong>ut</strong></span> <span class='ocrx_word' id='word_1_70' title='bbox 1028 1823 1065 1888; x_wconf 88' lang='lat' dir='ltr'><strong>in</strong></span> <span class='ocrx_word' id='word_1_71' title='bbox 1089 1823 1177 1890; x_wconf 88' lang='lat' dir='ltr'><strong>bene</strong></span> <span class='ocrx_word' id='word_1_72' title='bbox 1190 1822 1347 1889; x_wconf 85' lang='lat' dir='ltr'><strong>faciende</strong></span> <span class='ocrx_word' id='word_1_73' title='bbox 1360 1839 1478 1908; x_wconf 90' lang='lat' dir='ltr'><strong>quoque</strong></span> <span class='ocrx_word' id='word_1_74' title='bbox 1527 1857 1528 1888; x_wconf 84' lang='grc'>;</span> 
     </span>
     <span class='ocr_line' id='line_1_12' title="bbox 327 1933 1478 2025; baseline -0.007 -21"><span class='ocrx_word' id='word_1_75' title='bbox 327 1939 492 2006; x_wconf 89' lang='lat' dir='ltr'><strong>iustitiam</strong></span> <span class='ocrx_word' id='word_1_76' title='bbox 525 1939 802 2025; x_wconf 87' lang='lat' dir='ltr'><strong>aequitatemque</strong></span> <span class='ocrx_word' id='word_1_77' title='bbox 838 1936 1000 2004; x_wconf 89' lang='lat' dir='ltr'><strong>colamus.</strong></span> <span class='ocrx_word' id='word_1_78' title='bbox 1046 1936 1094 2002; x_wconf 88' lang='lat' dir='ltr'><strong>At</strong></span> <span class='ocrx_word' id='word_1_79' title='bbox 1128 1958 1171 2002; x_wconf 90' lang='lat' dir='ltr'><strong>ne</strong></span> <span class='ocrx_word' id='word_1_80' title='bbox 1204 1935 1334 2001; x_wconf 87' lang='lat' dir='ltr'><strong>utilitas</strong></span> <span class='ocrx_word' id='word_1_81' title='bbox 1358 1933 1478 2021; x_wconf 91' lang='lat' dir='ltr'><strong>quidem</strong></span> 
     </span>
     <span class='ocr_line' id='line_1_13' title="bbox 327 2048 1528 2139; baseline -0.002 -21"><span class='ocrx_word' id='word_1_82' title='bbox 327 2052 540 2139; x_wconf 86' lang='lat' dir='ltr'><strong>neglegenda</strong></span> <span class='ocrx_word' id='word_1_83' title='bbox 562 2053 632 2118; x_wconf 88' lang='lat' dir='ltr'><strong>estl</strong></span> <span class='ocrx_word' id='word_1_84' title='bbox 680 2050 891 2138; x_wconf 84' lang='lat' dir='ltr'><strong>Spectandus</strong></span> <span class='ocrx_word' id='word_1_85' title='bbox 915 2051 1009 2117; x_wconf 91' lang='lat' dir='ltr'><strong>enim</strong></span> <span class='ocrx_word' id='word_1_86' title='bbox 1032 2057 1083 2116; x_wconf 89' lang='lat' dir='ltr'><strong>est</strong></span> <span class='ocrx_word' id='word_1_87' title='bbox 1109 2056 1162 2130; x_wconf 86' lang='lat' dir='ltr'><strong>„et</strong></span> <span class='ocrx_word' id='word_1_88' title='bbox 1185 2048 1322 2121; x_wconf 88' lang='lat' dir='ltr'><strong>animus</strong></span> <span class='ocrx_word' id='word_1_89' title='bbox 1339 2065 1480 2133; x_wconf 83' lang='lat' dir='ltr'><strong>ergarus</strong></span> <span class='ocrx_word' id='word_1_90' title='bbox 1527 2075 1528 2115; x_wconf 75' lang='lat'>1</span> 
     </span>
     <span class='ocr_line' id='line_1_14' title="bbox 327 2160 1528 2233; baseline -0.002 -1"><span class='ocrx_word' id='word_1_91' title='bbox 327 2173 361 2232; x_wconf 90' lang='lat' dir='ltr'><strong>et</strong></span> <span class='ocrx_word' id='word_1_92' title='bbox 393 2165 621 2233; x_wconf 87' lang='lat' dir='ltr'><strong>communitas</strong></span> <span class='ocrx_word' id='word_1_93' title='bbox 655 2186 693 2232; x_wconf 87' lang='lat' dir='ltr'><strong>ac</strong></span> <span class='ocrx_word' id='word_1_94' title='bbox 728 2165 868 2231; x_wconf 90' lang='lat' dir='ltr'><strong>societas</strong></span> <span class='ocrx_word' id='word_1_95' title='bbox 902 2164 993 2231; x_wconf 85' lang='lat' dir='ltr'><strong>vitae</strong></span> <span class='ocrx_word' id='word_1_96' title='bbox 1027 2170 1060 2229; x_wconf 88' lang='lat' dir='ltr'><strong>et</strong></span> <span class='ocrx_word' id='word_1_97' title='bbox 1094 2163 1137 2229; x_wconf 89' lang='lat' dir='ltr'><strong>ad</strong></span> <span class='ocrx_word' id='word_1_98' title='bbox 1172 2169 1305 2228; x_wconf 88' lang='lat' dir='ltr'><strong>nostras</strong></span> <span class='ocrx_word' id='word_1_99' title='bbox 1336 2160 1481 2227; x_wconf 90' lang='lat' dir='ltr'><strong>utilitates</strong></span> <span class='ocrx_word' id='word_1_100' title='bbox 1527 2191 1528 2229; x_wconf 81' lang='lat'>3</span> 
     </span>
     <span class='ocr_line' id='line_1_15' title="bbox 327 2270 1481 2364; baseline -0.009 -18"><span class='ocrx_word' id='word_1_101' title='bbox 327 2279 436 2346; x_wconf 88' lang='lat' dir='ltr'><strong>officia</strong></span> <span class='ocrx_word' id='word_1_102' title='bbox 472 2285 551 2345; x_wconf 90' lang='lat' dir='ltr'><strong>ante</strong></span> <span class='ocrx_word' id='word_1_103' title='bbox 578 2277 744 2345; x_wconf 89' lang='lat' dir='ltr'><strong>conlata.&#39;&#39;</strong></span> <span class='ocrx_word' id='word_1_104' title='bbox 770 2277 794 2360; x_wconf 88' lang='lat'><strong>¹)</strong></span> <span class='ocrx_word' id='word_1_105' title='bbox 840 2277 955 2364; x_wconf 85' lang='lat' dir='ltr'><strong>Atque</strong></span> <span class='ocrx_word' id='word_1_106' title='bbox 978 2277 1062 2342; x_wconf 88' lang='lat' dir='ltr'><strong>adeo</strong></span> <span class='ocrx_word' id='word_1_107' title='bbox 1088 2275 1339 2360; x_wconf 87' lang='lat' dir='ltr'><strong>benignitatem</strong></span> <span class='ocrx_word' id='word_1_108' title='bbox 1360 2273 1421 2361; x_wconf 90' lang='lat' dir='ltr'><strong>ipsi</strong></span> <span class='ocrx_word' id='word_1_109' title='bbox 1441 2270 1481 2336; x_wconf 88' lang='lat' dir='ltr'><strong>rei</strong></span> 
     </span>
     <span class='ocr_line' id='line_1_16' title="bbox 327 2384 1481 2480; baseline -0.01 -21"><span class='ocrx_word' id='word_1_110' title='bbox 327 2392 483 2480; x_wconf 86' lang='lat' dir='ltr'><strong>publicae</strong></span> <span class='ocrx_word' id='word_1_111' title='bbox 508 2391 740 2458; x_wconf 90' lang='lat' dir='ltr'><strong>emolumento</strong></span> <span class='ocrx_word' id='word_1_112' title='bbox 764 2413 834 2457; x_wconf 90' lang='lat' dir='ltr'><strong>esse</strong></span> <span class='ocrx_word' id='word_1_113' title='bbox 854 2391 1036 2457; x_wconf 84' lang='lat' dir='ltr'><strong>discimus:</strong></span> <span class='ocrx_word' id='word_1_114' title='bbox 1058 2391 1191 2476; x_wconf 86' lang='lat' dir='ltr'><strong>„Atque</strong></span> <span class='ocrx_word' id='word_1_115' title='bbox 1208 2384 1293 2455; x_wconf 86' lang='lat' dir='ltr'><strong>haec</strong></span> <span class='ocrx_word' id='word_1_116' title='bbox 1306 2386 1481 2472; x_wconf 86' lang='lat' dir='ltr'><strong>benignitas</strong></span> 
     </span>
     <span class='ocr_line' id='line_1_17' title="bbox 328 2499 1482 2592; baseline -0.01 -20"><span class='ocrx_word' id='word_1_117' title='bbox 328 2507 433 2573; x_wconf 89' lang='lat' dir='ltr'><strong>etiam</strong></span> <span class='ocrx_word' id='word_1_118' title='bbox 455 2506 505 2572; x_wconf 86' lang='grc'><strong>161</strong></span> <span class='ocrx_word' id='word_1_119' title='bbox 528 2505 684 2592; x_wconf 87' lang='lat' dir='ltr'><strong>publicae</strong></span> <span class='ocrx_word' id='word_1_120' title='bbox 707 2511 758 2572; x_wconf 90' lang='lat' dir='ltr'><strong>est</strong></span> <span class='ocrx_word' id='word_1_121' title='bbox 781 2504 882 2586; x_wconf 82' lang='lat' dir='ltr'><strong>utilis,</strong></span> <span class='ocrx_word' id='word_1_122' title='bbox 908 2504 1030 2570; x_wconf 91' lang='lat' dir='ltr'><strong>redimi</strong></span> <span class='ocrx_word' id='word_1_123' title='bbox 1052 2525 1070 2569; x_wconf 91' lang='grc'><strong>6</strong></span> <span class='ocrx_word' id='word_1_124' title='bbox 1094 2499 1482 2588; x_wconf 73' lang='grc'><strong>16111111611111111,1111-</strong></span> 
     </span>
     <span class='ocr_line' id='line_1_18' title="bbox 328 2613 1528 2707; baseline -0.008 -23"><span class='ocrx_word' id='word_1_125' title='bbox 328 2619 451 2707; x_wconf 83' lang='lat' dir='ltr'><strong>pletari</strong></span> <span class='ocrx_word' id='word_1_126' title='bbox 485 2618 674 2700; x_wconf 85' lang='lat' dir='ltr'><strong>tenuiores3</strong></span> <span class='ocrx_word' id='word_1_127' title='bbox 708 2618 798 2705; x_wconf 89' lang='lat' dir='ltr'><strong>quod</strong></span> <span class='ocrx_word' id='word_1_128' title='bbox 835 2618 975 2704; x_wconf 87' lang='lat' dir='ltr'><strong>quidem</strong></span> <span class='ocrx_word' id='word_1_129' title='bbox 999 2616 1099 2702; x_wconf 92' lang='lat' dir='ltr'><strong>volgo</strong></span> <span class='ocrx_word' id='word_1_130' title='bbox 1123 2615 1261 2682; x_wconf 90' lang='lat' dir='ltr'><strong>solitum</strong></span> <span class='ocrx_word' id='word_1_131' title='bbox 1286 2615 1360 2682; x_wconf 88' lang='lat' dir='ltr'><strong>fieri</strong></span> <span class='ocrx_word' id='word_1_132' title='bbox 1381 2613 1422 2680; x_wconf 86' lang='lat' dir='ltr'><strong>ab</strong></span> <span class='ocrx_word' id='word_1_133' title='bbox 1442 2632 1483 2677; x_wconf 91' lang='lat' dir='ltr'><strong>or·</strong></span> <span class='ocrx_word' id='word_1_134' title='bbox 1527 2677 1528 2685; x_wconf 17' lang='lat'>¹</span> 
     </span>
     <span class='ocr_line' id='line_1_19' title="bbox 329 2722 1528 2817; baseline -0.006 -18"><span class='ocrx_word' id='word_1_135' title='bbox 329 2733 408 2800; x_wconf 91' lang='lat' dir='ltr'><strong>dine</strong></span> <span class='ocrx_word' id='word_1_136' title='bbox 432 2738 546 2798; x_wconf 90' lang='lat' dir='ltr'><strong>nostro</strong></span> <span class='ocrx_word' id='word_1_137' title='bbox 569 2732 606 2797; x_wconf 93' lang='lat' dir='ltr'><strong>in</strong></span> <span class='ocrx_word' id='word_1_138' title='bbox 629 2732 781 2798; x_wconf 90' lang='lat' dir='ltr'><strong>oratione</strong></span> <span class='ocrx_word' id='word_1_139' title='bbox 805 2731 915 2798; x_wconf 80' lang='lat' dir='ltr'><strong>Crassi</strong></span> <span class='ocrx_word' id='word_1_140' title='bbox 939 2730 1104 2817; x_wconf 88' lang='lat' dir='ltr'><strong>scripturn</strong></span> <span class='ocrx_word' id='word_1_141' title='bbox 1120 2729 1254 2816; x_wconf 85' lang='lat' dir='ltr'><strong>copiose</strong></span> <span class='ocrx_word' id='word_1_142' title='bbox 1271 2722 1483 2808; x_wconf 73' lang='lat' dir='ltr'><strong>videmus.”²)</strong></span> <span class='ocrx_word' id='word_1_143' title='bbox 1527 2777 1528 2782; x_wconf 33' lang='lat'>1</span> 
     </span>
     <span class='ocr_line' id='line_1_20' title="bbox 330 2835 1484 2927; baseline -0.01 -15"><span class='ocrx_word' id='word_1_144' title='bbox 330 2847 426 2913; x_wconf 88' lang='lat' dir='ltr'><strong>Haec</strong></span> <span class='ocrx_word' id='word_1_145' title='bbox 461 2847 577 2912; x_wconf 88' lang='lat' dir='ltr'><strong>omnia</strong></span> <span class='ocrx_word' id='word_1_146' title='bbox 611 2867 631 2910; x_wconf 93' lang='grc'><strong>1</strong></span> <span class='ocrx_word' id='word_1_147' title='bbox 665 2845 858 2912; x_wconf 81' lang='lat' dir='ltr'><strong>Christiana</strong></span> <span class='ocrx_word' id='word_1_148' title='bbox 893 2845 1018 2910; x_wconf 91' lang='lat' dir='ltr'><strong>virtute</strong></span> <span class='ocrx_word' id='word_1_149' title='bbox 1041 2843 1142 2927; x_wconf 87' lang='lat' dir='ltr'><strong>longe</strong></span> <span class='ocrx_word' id='word_1_150' title='bbox 1167 2841 1362 2908; x_wconf 87' lang='lat' dir='ltr'><strong>abhorrent.</strong></span> <span class='ocrx_word' id='word_1_151' title='bbox 1406 2835 1484 2918; x_wconf 77' lang='lat' dir='ltr'><strong>Quid</strong></span> 
     </span>
     <span class='ocr_line' id='line_1_21' title="bbox 330 2949 1484 3029; baseline -0.01 -2"><span class='ocrx_word' id='word_1_152' title='bbox 330 2949 451 3028; x_wconf 81' lang='lat' dir='ltr'><strong>eniml</strong></span> <span class='ocrx_word' id='word_1_153' title='bbox 484 2958 697 3026; x_wconf 51' lang='lat' dir='ltr'><strong>¹Liberalitas</strong></span> <span class='ocrx_word' id='word_1_154' title='bbox 719 2980 798 3025; x_wconf 88' lang='lat' dir='ltr'><strong>cum</strong></span> <span class='ocrx_word' id='word_1_155' title='bbox 822 2957 878 3025; x_wconf 87' lang='lat' dir='ltr'><strong>vel</strong></span> <span class='ocrx_word' id='word_1_156' title='bbox 898 2958 975 3023; x_wconf 90' lang='lat' dir='ltr'><strong>ideo</strong></span> <span class='ocrx_word' id='word_1_157' title='bbox 999 2979 1019 3022; x_wconf 87' lang='lat' dir='ltr'><strong>a</strong></span> <span class='ocrx_word' id='word_1_158' title='bbox 1040 2957 1202 3023; x_wconf 81' lang='lat' dir='ltr'><strong>Cicerone</strong></span> <span class='ocrx_word' id='word_1_159' title='bbox 1228 2954 1484 3029; x_wconf 84' lang='lat' dir='ltr'><strong>commendatur,</strong></span> 
     </span>
     <span class='ocr_line' id='line_1_22' title="bbox 332 3057 1528 3160; baseline -0.011 -20"><span class='ocrx_word' id='word_1_160' title='bbox 332 3074 413 3160; x_wconf 88' lang='lat' dir='ltr'><strong>quia</strong></span> <span class='ocrx_word' id='word_1_161' title='bbox 446 3072 545 3160; x_wconf 89' lang='lat' dir='ltr'><strong>probi</strong></span> <span class='ocrx_word' id='word_1_162' title='bbox 579 3071 735 3139; x_wconf 89' lang='lat' dir='ltr'><strong>homines</strong></span> <span class='ocrx_word' id='word_1_163' title='bbox 765 3077 903 3158; x_wconf 84' lang='lat' dir='ltr'><strong>accepta</strong></span> <span class='ocrx_word' id='word_1_164' title='bbox 928 3070 1094 3137; x_wconf 87' lang='lat' dir='ltr'><strong>beneficia</strong></span> <span class='ocrx_word' id='word_1_165' title='bbox 1116 3076 1213 3154; x_wconf 86' lang='lat' dir='ltr'><strong>grata</strong></span> <span class='ocrx_word' id='word_1_166' title='bbox 1236 3069 1402 3136; x_wconf 88' lang='lat' dir='ltr'><strong>memoria</strong></span> <span class='ocrx_word' id='word_1_167' title='bbox 1423 3085 1485 3152; x_wconf 90' lang='lat' dir='ltr'><strong>pro·</strong></span> <span class='ocrx_word' id='word_1_168' title='bbox 1527 3057 1528 3078; x_wconf 64' lang='lat'><em>²</em></span> 
     </span>
     <span class='ocr_line' id='line_1_23' title="bbox 331 3181 1528 3273; baseline -0.005 -19"><span class='ocrx_word' id='word_1_169' title='bbox 331 3187 428 3273; x_wconf 89' lang='lat' dir='ltr'><strong>sequi</strong></span> <span class='ocrx_word' id='word_1_170' title='bbox 462 3185 597 3266; x_wconf 76' lang='grc'><strong>1111111,</strong></span> <span class='ocrx_word' id='word_1_171' title='bbox 616 3184 643 3272; x_wconf 78' lang='lat'><strong>³)</strong></span> <span class='ocrx_word' id='word_1_172' title='bbox 679 3207 793 3252; x_wconf 89' lang='lat' dir='ltr'><strong>nonne</strong></span> <span class='ocrx_word' id='word_1_173' title='bbox 827 3185 891 3250; x_wconf 92' lang='lat' dir='ltr'><strong>hoc</strong></span> <span class='ocrx_word' id='word_1_174' title='bbox 929 3205 1066 3270; x_wconf 91' lang='lat' dir='ltr'><strong>quoque</strong></span> <span class='ocrx_word' id='word_1_175' title='bbox 1083 3183 1294 3270; x_wconf 86' lang='lat' dir='ltr'><strong>principium</strong></span> <span class='ocrx_word' id='word_1_176' title='bbox 1317 3181 1360 3249; x_wconf 86' lang='lat' dir='ltr'><strong>ab</strong></span> <span class='ocrx_word' id='word_1_177' title='bbox 1384 3197 1485 3246; x_wconf 86' lang='lat' dir='ltr'><strong>amore</strong></span> <span class='ocrx_word' id='word_1_178' title='bbox 1527 3231 1528 3248; x_wconf 48' lang='grc'><strong>1</strong></span> 
     </span>
     <span class='ocr_line' id='line_1_24' title="bbox 332 3283 1528 3385; baseline -0.01 -20"><span class='ocrx_word' id='word_1_179' title='bbox 332 3300 386 3366; x_wconf 90' lang='lat' dir='ltr'><strong>sui</strong></span> <span class='ocrx_word' id='word_1_180' title='bbox 431 3299 573 3364; x_wconf 90' lang='lat' dir='ltr'><strong>ductum</strong></span> <span class='ocrx_word' id='word_1_181' title='bbox 608 3320 678 3364; x_wconf 88' lang='lat' dir='ltr'><strong>esse</strong></span> <span class='ocrx_word' id='word_1_182' title='bbox 711 3299 831 3385; x_wconf 85' lang='lat' dir='ltr'><strong>patet?</strong></span> <span class='ocrx_word' id='word_1_183' title='bbox 887 3298 1042 3364; x_wconf 88' lang='lat' dir='ltr'><strong>Profecto</strong></span> <span class='ocrx_word' id='word_1_184' title='bbox 1078 3295 1187 3362; x_wconf 90' lang='lat' dir='ltr'><strong>multo</strong></span> <span class='ocrx_word' id='word_1_185' title='bbox 1221 3301 1372 3383; x_wconf 88' lang='lat' dir='ltr'><strong>praestat</strong></span> <span class='ocrx_word' id='word_1_186' title='bbox 1405 3289 1486 3360; x_wconf 83' lang='lat' dir='ltr'><strong>Chri·</strong></span> <span class='ocrx_word' id='word_1_187' title='bbox 1527 3283 1528 3342; x_wconf 62' lang='grc' dir='ltr'><strong>ἶ</strong></span> 
     </span>
     <span class='ocr_line' id='line_1_25' title="bbox 333 3406 1486 3499; baseline -0.01 -20"><span class='ocrx_word' id='word_1_188' title='bbox 333 3412 444 3479; x_wconf 91' lang='lat' dir='ltr'><strong>stiana</strong></span> <span class='ocrx_word' id='word_1_189' title='bbox 477 3412 609 3493; x_wconf 91' lang='lat' dir='ltr'><strong>caritas,</strong></span> <span class='ocrx_word' id='word_1_190' title='bbox 634 3411 744 3499; x_wconf 89' lang='lat' dir='ltr'><strong>qualis</strong></span> <span class='ocrx_word' id='word_1_191' title='bbox 766 3412 803 3476; x_wconf 90' lang='lat' dir='ltr'><strong>in</strong></span> <span class='ocrx_word' id='word_1_192' title='bbox 827 3409 1005 3497; x_wconf 88' lang='lat' dir='ltr'><strong>euangelio</strong></span> <span class='ocrx_word' id='word_1_193' title='bbox 1029 3408 1241 3477; x_wconf 87' lang='lat' dir='ltr'><strong>describitur.</strong></span> <span class='ocrx_word' id='word_1_194' title='bbox 1288 3409 1386 3475; x_wconf 87' lang='lat' dir='ltr'><strong>Haec</strong></span> <span class='ocrx_word' id='word_1_195' title='bbox 1407 3406 1486 3472; x_wconf 90' lang='lat' dir='ltr'><strong>enim</strong></span> 
     </span>
    </p>
   </div>
   <div class='ocr_carea' id='block_1_3' title="bbox 333 3690 1491 4419">
    <p class='ocr_par' dir='ltr' id='par_1_6' title="bbox 370 3690 559 3753">
     <span class='ocr_line' id='line_1_26' title="bbox 370 3690 559 3753; baseline 0 -13"><span class='ocrx_word' id='word_1_196' title='bbox 370 3693 387 3753; x_wconf 88' lang='lat'><strong>¹)</strong></span> <span class='ocrx_word' id='word_1_197' title='bbox 421 3691 442 3750; x_wconf 91' lang='grc' dir='ltr'><strong>Ι,</strong></span> <span class='ocrx_word' id='word_1_198' title='bbox 461 3690 501 3750; x_wconf 79' lang='lat'><strong>14,</strong></span> <span class='ocrx_word' id='word_1_199' title='bbox 519 3691 559 3740; x_wconf 77' lang='lat'><strong>45.</strong></span> 
     </span>
    </p>

    <p class='ocr_par' dir='ltr' id='par_1_7' title="bbox 367 3774 571 3836">
     <span class='ocr_line' id='line_1_27' title="bbox 367 3774 571 3836; baseline 0 -13"><span class='ocrx_word' id='word_1_200' title='bbox 367 3775 386 3836; x_wconf 60' lang='grc' dir='ltr'><strong>ἵ)</strong></span> <span class='ocrx_word' id='word_1_201' title='bbox 420 3774 453 3833; x_wconf 91' lang='lat'><strong>11,</strong></span> <span class='ocrx_word' id='word_1_202' title='bbox 472 3775 512 3832; x_wconf 86' lang='grc'><strong>18,</strong></span> <span class='ocrx_word' id='word_1_203' title='bbox 532 3774 571 3823; x_wconf 83' lang='grc'><strong>63.</strong></span> 
     </span>
    </p>

    <p class='ocr_par' dir='ltr' id='par_1_8' title="bbox 333 3852 1491 4419">
     <span class='ocr_line' id='line_1_28' title="bbox 366 3852 1490 3922; baseline -0.007 -15"><span class='ocrx_word' id='word_1_204' title='bbox 366 3858 386 3920; x_wconf 86' lang='lat'><strong>³)</strong></span> <span class='ocrx_word' id='word_1_205' title='bbox 420 3857 437 3907; x_wconf 94' lang='lat' dir='ltr'><strong>l.</strong></span> <span class='ocrx_word' id='word_1_206' title='bbox 454 3857 488 3906; x_wconf 87' lang='lat' dir='ltr'><strong>l.:</strong></span> <span class='ocrx_word' id='word_1_207' title='bbox 510 3858 596 3922; x_wconf 75' lang='lat' dir='ltr'><strong>„Quod</strong></span> <span class='ocrx_word' id='word_1_208' title='bbox 612 3861 689 3905; x_wconf 84' lang='lat' dir='ltr'><strong>sutem</strong></span> <span class='ocrx_word' id='word_1_209' title='bbox 707 3856 825 3906; x_wconf 86' lang='lat' dir='ltr'><strong>tributum</strong></span> <span class='ocrx_word' id='word_1_210' title='bbox 841 3860 876 3905; x_wconf 88' lang='grc'><strong>611</strong></span> <span class='ocrx_word' id='word_1_211' title='bbox 893 3856 955 3904; x_wconf 92' lang='lat' dir='ltr'><strong>bono</strong></span> <span class='ocrx_word' id='word_1_212' title='bbox 972 3855 1024 3904; x_wconf 87' lang='lat' dir='ltr'><strong>viro</strong></span> <span class='ocrx_word' id='word_1_213' title='bbox 1040 3858 1063 3904; x_wconf 88' lang='grc'><strong>61</strong></span> <span class='ocrx_word' id='word_1_214' title='bbox 1078 3859 1151 3918; x_wconf 85' lang='lat' dir='ltr'><strong>grnto,</strong></span> <span class='ocrx_word' id='word_1_215' title='bbox 1168 3853 1194 3902; x_wconf 88' lang='lat' dir='ltr'><strong>in</strong></span> <span class='ocrx_word' id='word_1_216' title='bbox 1212 3869 1340 3902; x_wconf 85' lang='lat' dir='ltr'><strong>eoonrnex</strong></span> <span class='ocrx_word' id='word_1_217' title='bbox 1353 3852 1490 3917; x_wconf 78' lang='lat' dir='ltr'><strong>ipsofmctrs</strong></span> 
     </span>
     <span class='ocr_line' id='line_1_29' title="bbox 333 3935 1490 4002; baseline -0.007 -11"><span class='ocrx_word' id='word_1_218' title='bbox 333 3946 375 3999; x_wconf 85' lang='lat' dir='ltr'><strong>est,</strong></span> <span class='ocrx_word' id='word_1_219' title='bbox 400 3945 453 3990; x_wconf 89' lang='lat' dir='ltr'><strong>turn</strong></span> <span class='ocrx_word' id='word_1_220' title='bbox 479 3941 549 3990; x_wconf 79' lang='lat' dir='ltr'><strong>etiam</strong></span> <span class='ocrx_word' id='word_1_221' title='bbox 566 3957 593 3988; x_wconf 86' lang='lat' dir='ltr'><strong>ex</strong></span> <span class='ocrx_word' id='word_1_222' title='bbox 611 3940 700 3989; x_wconf 89' lang='lat' dir='ltr'><strong>ceteris.</strong></span> <span class='ocrx_word' id='word_1_223' title='bbox 734 3939 873 3988; x_wconf 81' lang='lat' dir='ltr'><strong>Temeritate</strong></span> <span class='ocrx_word' id='word_1_224' title='bbox 890 3939 954 3988; x_wconf 88' lang='lat' dir='ltr'><strong>enim</strong></span> <span class='ocrx_word' id='word_1_225' title='bbox 972 3943 1060 3986; x_wconf 86' lang='lat' dir='ltr'><strong>remota</strong></span> <span class='ocrx_word' id='word_1_226' title='bbox 1076 3937 1210 4002; x_wconf 84' lang='lat' dir='ltr'><strong>gratissime</strong></span> <span class='ocrx_word' id='word_1_227' title='bbox 1226 3939 1262 3984; x_wconf 89' lang='lat' dir='ltr'><strong>est</strong></span> <span class='ocrx_word' id='word_1_228' title='bbox 1278 3935 1414 3992; x_wconf 81' lang='lat' dir='ltr'><strong>liberalitas,</strong></span> <span class='ocrx_word' id='word_1_229' title='bbox 1430 3945 1490 3995; x_wconf 72' lang='lat' dir='ltr'><strong>eoque</strong></span> 
     </span>
     <span class='ocr_line' id='line_1_30' title="bbox 333 4016 1490 4088; baseline -0.011 -15"><span class='ocrx_word' id='word_1_230' title='bbox 333 4041 384 4074; x_wconf 88' lang='grc'><strong>61111</strong></span> <span class='ocrx_word' id='word_1_231' title='bbox 409 4025 537 4073; x_wconf 82' lang='lat' dir='ltr'><strong>studiosius</strong></span> <span class='ocrx_word' id='word_1_232' title='bbox 556 4023 665 4088; x_wconf 85' lang='lat' dir='ltr'><strong>plerique</strong></span> <span class='ocrx_word' id='word_1_233' title='bbox 682 4023 786 4080; x_wconf 82' lang='grc'><strong>1111111111,</strong></span> <span class='ocrx_word' id='word_1_234' title='bbox 804 4023 866 4086; x_wconf 89' lang='lat' dir='ltr'><strong>quod</strong></span> <span class='ocrx_word' id='word_1_235' title='bbox 883 4023 972 4070; x_wconf 90' lang='lat' dir='ltr'><strong>summi</strong></span> <span class='ocrx_word' id='word_1_236' title='bbox 990 4021 1105 4085; x_wconf 86' lang='lat' dir='ltr'><strong>cuiusque</strong></span> <span class='ocrx_word' id='word_1_237' title='bbox 1122 4021 1213 4069; x_wconf 84' lang='lat' dir='ltr'><strong>bonitas</strong></span> <span class='ocrx_word' id='word_1_238' title='bbox 1231 4034 1359 4068; x_wconf 89' lang='lat' dir='ltr'><strong>commune</strong></span> <span class='ocrx_word' id='word_1_239' title='bbox 1372 4016 1490 4083; x_wconf 81' lang='lat' dir='ltr'><strong>perfugium</strong></span> 
     </span>
     <span class='ocr_line' id='line_1_31' title="bbox 333 4101 1490 4170; baseline -0.005 -14"><span class='ocrx_word' id='word_1_240' title='bbox 333 4111 369 4156; x_wconf 89' lang='lat' dir='ltr'><strong>est</strong></span> <span class='ocrx_word' id='word_1_241' title='bbox 396 4107 512 4156; x_wconf 89' lang='lat' dir='ltr'><strong>omniurn.</strong></span> <span class='ocrx_word' id='word_1_242' title='bbox 547 4107 629 4155; x_wconf 86' lang='lat' dir='ltr'><strong>Denda</strong></span> <span class='ocrx_word' id='word_1_243' title='bbox 654 4107 728 4170; x_wconf 87' lang='lat' dir='ltr'><strong>igitur·</strong></span> <span class='ocrx_word' id='word_1_244' title='bbox 753 4122 822 4170; x_wconf 82' lang='lat' dir='ltr'><strong>opera</strong></span> <span class='ocrx_word' id='word_1_245' title='bbox 847 4110 889 4162; x_wconf 87' lang='lat' dir='ltr'><strong>est,</strong></span> <span class='ocrx_word' id='word_1_246' title='bbox 910 4110 935 4153; x_wconf 90' lang='lat' dir='ltr'><strong>nt</strong></span> <span class='ocrx_word' id='word_1_247' title='bbox 951 4105 982 4153; x_wconf 91' lang='lat' dir='ltr'><strong>iis</strong></span> <span class='ocrx_word' id='word_1_248' title='bbox 1000 4105 1120 4156; x_wconf 87' lang='lat' dir='ltr'><strong>beneficiis</strong></span> <span class='ocrx_word' id='word_1_249' title='bbox 1137 4118 1207 4167; x_wconf 84' lang='lat' dir='ltr'><strong>quem</strong></span> <span class='ocrx_word' id='word_1_250' title='bbox 1224 4102 1344 4167; x_wconf 85' lang='lat' dir='ltr'><strong>plurimos</strong></span> <span class='ocrx_word' id='word_1_251' title='bbox 1361 4101 1490 4150; x_wconf 69' lang='lat' dir='ltr'><strong>reficiamus.</strong></span> 
     </span>
     <span class='ocr_line' id='line_1_32' title="bbox 333 4183 1491 4254; baseline -0.01 -16"><span class='ocrx_word' id='word_1_252' title='bbox 333 4205 434 4254; x_wconf 88' lang='lat' dir='ltr'><strong>quorum</strong></span> <span class='ocrx_word' id='word_1_253' title='bbox 453 4190 566 4250; x_wconf 84' lang='lat' dir='ltr'><strong>memoria</strong></span> <span class='ocrx_word' id='word_1_254' title='bbox 582 4189 665 4237; x_wconf 89' lang='lat' dir='ltr'><strong>liberis</strong></span> <span class='ocrx_word' id='word_1_255' title='bbox 682 4189 827 4253; x_wconf 79' lang='lat' dir='ltr'><strong>posterisque</strong></span> <span class='ocrx_word' id='word_1_256' title='bbox 843 4190 962 4253; x_wconf 88' lang='lat' dir='ltr'><strong>prodatur,</strong></span> <span class='ocrx_word' id='word_1_257' title='bbox 980 4192 1006 4237; x_wconf 89' lang='lat' dir='ltr'><strong>ut</strong></span> <span class='ocrx_word' id='word_1_258' title='bbox 1023 4188 1054 4236; x_wconf 91' lang='lat' dir='ltr'><strong>iis</strong></span> <span class='ocrx_word' id='word_1_259' title='bbox 1071 4187 1171 4250; x_wconf 79' lang='lat' dir='ltr'><strong>ingratis</strong></span> <span class='ocrx_word' id='word_1_260' title='bbox 1189 4202 1238 4234; x_wconf 88' lang='grc'><strong>6116</strong></span> <span class='ocrx_word' id='word_1_261' title='bbox 1256 4202 1303 4234; x_wconf 90' lang='lat' dir='ltr'><strong>non</strong></span> <span class='ocrx_word' id='word_1_262' title='bbox 1322 4185 1398 4234; x_wconf 83' lang='lat' dir='ltr'><strong>liceat.</strong></span> <span class='ocrx_word' id='word_1_263' title='bbox 1415 4183 1491 4232; x_wconf 83' lang='lat' dir='ltr'><strong>Omnes</strong></span> 
     </span>
     <span class='ocr_line' id='line_1_33' title="bbox 333 4261 1490 4343; baseline -0.009 -22"><span class='ocrx_word' id='word_1_264' title='bbox 333 4273 398 4322; x_wconf 87' lang='lat' dir='ltr'><strong>enirn</strong></span> <span class='ocrx_word' id='word_1_265' title='bbox 424 4272 578 4321; x_wconf 86' lang='lat' dir='ltr'><strong>inmemorem</strong></span> <span class='ocrx_word' id='word_1_266' title='bbox 603 4272 710 4320; x_wconf 88' lang='lat' dir='ltr'><strong>beneficii</strong></span> <span class='ocrx_word' id='word_1_267' title='bbox 736 4273 836 4321; x_wconf 89' lang='lat' dir='ltr'><strong>oderunt</strong></span> <span class='ocrx_word' id='word_1_268' title='bbox 855 4287 952 4334; x_wconf 80' lang='lat' dir='ltr'><strong>eamque</strong></span> <span class='ocrx_word' id='word_1_269' title='bbox 969 4270 1084 4318; x_wconf 89' lang='lat' dir='ltr'><strong>iniuriam</strong></span> <span class='ocrx_word' id='word_1_270' title='bbox 1102 4270 1128 4318; x_wconf 89' lang='lat' dir='ltr'><strong>in</strong></span> <span class='ocrx_word' id='word_1_271' title='bbox 1146 4269 1282 4343; x_wconf 67' lang='lat' dir='ltr'><strong>deterrenda</strong></span> <span class='ocrx_word' id='word_1_272' title='bbox 1299 4267 1438 4318; x_wconf 75' lang='lat' dir='ltr'><strong>liberalitate</strong></span> <span class='ocrx_word' id='word_1_273' title='bbox 1453 4261 1490 4312; x_wconf 87' lang='lat' dir='ltr'><strong>sibi</strong></span> 
     </span>
     <span class='ocr_line' id='line_1_34' title="bbox 333 4351 1403 4419; baseline -0.006 -13"><span class='ocrx_word' id='word_1_274' title='bbox 333 4357 404 4406; x_wconf 81' lang='lat' dir='ltr'><strong>etiarn</strong></span> <span class='ocrx_word' id='word_1_275' title='bbox 422 4355 473 4404; x_wconf 88' lang='lat' dir='ltr'><strong>fieri</strong></span> <span class='ocrx_word' id='word_1_276' title='bbox 491 4371 599 4419; x_wconf 85' lang='lat' dir='ltr'><strong>eumque,</strong></span> <span class='ocrx_word' id='word_1_277' title='bbox 617 4355 658 4419; x_wconf 89' lang='lat' dir='ltr'><strong>qui</strong></span> <span class='ocrx_word' id='word_1_278' title='bbox 676 4355 754 4414; x_wconf 83' lang='grc'><strong>111111,</strong></span> <span class='ocrx_word' id='word_1_279' title='bbox 771 4370 920 4403; x_wconf 89' lang='lat' dir='ltr'><strong>communem</strong></span> <span class='ocrx_word' id='word_1_280' title='bbox 937 4354 1027 4403; x_wconf 88' lang='lat' dir='ltr'><strong>hostem</strong></span> <span class='ocrx_word' id='word_1_281' title='bbox 1045 4353 1180 4402; x_wconf 85' lang='lat' dir='ltr'><strong>tenuiorum</strong></span> <span class='ocrx_word' id='word_1_282' title='bbox 1197 4351 1306 4417; x_wconf 65' lang='grc' dir='ltr'><strong>11111111.υ</strong></span> <span class='ocrx_word' id='word_1_283' title='bbox 1399 4393 1403 4400; x_wconf 83' lang='grc'><strong>,</strong></span> 
     </span>
    </p>
   </div>
   <div class='ocr_carea' id='block_1_4' title="bbox 0 0 1560 5128">
    <p class='ocr_par' dir='ltr' id='par_1_9' title="bbox 0 0 1560 5128">
     <span class='ocr_line' id='line_1_35' title="bbox 0 0 1560 5128; baseline 0 0"><span class='ocrx_word' id='word_1_284' title='bbox 0 0 1560 5128; x_wconf 95' lang='lat' dir='ltr'><strong> </strong></span> 
     </span>
    </p>
   </div>
  </div>
 </body>
</html>
