3084 5128
604 641 668 709 247

16 817 18 846 ³
65 821 192 905 talne,
223 822 247 905 ¹)
282 821 543 908 congiaria
566 820 592 907 ς)
617 820 719 887 variis
742 819 963 887 sollemnibus
986 816 1157 884 adiuncta.
1189 814 1216 905 8)

16 917 18 966 1
64 933 180 1013 Quibus
202 957 273 1002 non
297 935 408 1002 solum
430 935 551 1016 Roma,
576 933 759 1000 sedetiam
778 932 976 1018 municipia,
989 931 1096 997 immo
1109 931 1217 997 maxi·

16 1073 18 1114 ι
64 1070 108 1114 me
138 1047 347 1136 longinquae
380 1048 576 1136 provinciae
611 1046 843 1113 abundabant.
889 1044 1023 1111 Plinin's
1055 1044 1149 1111 enim
1172 1043 1216 1110 ad

16 1143 17 1214 l

16 1215 18 1340 4
63 1225 241 1236 ψ

16 1345 18 1382 ι
89 1333 106 1388 l)
135 1335 170 1382 De
194 1339 311 1383 recturam
327 1351 437 1384 cenam
454 1338 477 1385 et
492 1336 653 1400 sportularum
670 1332 807 1384 discrimine
823 1331 873 1381 dixi
894 1347 946 1396 pag.
966 1331 1022 1380 191.
1058 1331 1149 1380 Ibidem
1168 1331 1215 1380 iam

16 1391 18 1474 l
62 1418 129 1465 nonni
153 1419 191 1479 (os.
218 1418 292 1468 etism
313 1434 366 1482 pag.
385 1418 433 1466 194
450 1418 504 1467 adn.
522 1417 547 1478 9)
564 1434 611 1466 non
629 1433 681 1466 raro
699 1433 792 1480 qnoque
808 1419 897 1464 eertum
915 1415 1028 1480 paeninae
1046 1431 1164 1464 summam
1181 1415 1218 1463 lu-

16 1477 18 1542 l
61 1499 97 1548 is'se
111 1501 193 1561 delam,
210 1518 270 1566 qnae
287 1505 310 1551 et
327 1502 376 1567 ipsa
390 1501 560 1558 visceratione,
570 1500 642 1566 epuli
652 1501 776 1564 sportulae
790 1499 887 1547 vocibus
898 1498 1072 1562 designabatur.
1094 1499 1131 1548 ut.
1142 1497 1218 1562 Msrq.

61 1582 156 1631 Privatl.²
180 1601 232 1648 pag.
260 1585 308 1632 909
335 1600 399 1648 seq:
418 1583 489 1648 „Wer
505 1584 544 1632 ein
563 1583 653 1633 selehea
672 1582 740 1632 Mahl
757 1581 811 1646 gab,
829 1586 919 1630 maeste
935 1582 996 1630 nach
1014 1581 1156 1630 rdmisehem
1173 1581 1219 1630 Ge·

61 1663 147 1714 buocha
171 1667 209 1715 die
234 1667 362 1729 LieIerung
387 1667 428 1715 der
452 1666 550 1731 Speisen
575 1667 653 1715 einem
681 1666 854 1714 Unternehmer
870 1666 997 1728 (namma)
1014 1663 1152 1728 tibertragen
1170 1665 1220 1714 und

61 1745 134 1796 diesem
157 1749 196 1798 ffir
218 1749 286 1811 jedes
312 1749 413 1798 convert
438 1750 495 1798 oder
517 1749 571 1812 jede
594 1747 705 1813 Sportula
722 1748 775 1798 eine
792 1747 928 1797 bestimmte
945 1748 1044 1796 Summe
1061 1747 1152 1796 aahlen.
1187 1747 1219 1796 Ila

61 1828 91 1891 lag
105 1831 172 1881 daher
188 1833 258 1889 nahe,
276 1832 339 1881 diese
356 1833 476 1894 bargition
494 1849 520 1881 ιο
538 1849 566 1881 ιιι
586 1832 757 1889 vereinsaehen,
775 1831 827 1880 dass
845 1846 900 1879 man
918 1830 956 1879 die
973 1829 1220 1879 betreffendeSumme

61 1911 121 1962 direct
144 1915 188 1964 den
215 1915 445 1964 Feattheilnehmeru
471 1915 547 1965 ashlte
573 1917 622 1964 und
649 1916 729 1964 diesen
752 1914 875 1970 iiberliees,
893 1913 995 1962 dieselbe
1012 1929 1040 1961 an
1059 1913 1146 1968 Hense.
1164 1914 1220 1962 oder

61 1997 166 2046 theutiieh
193 1999 243 2047 und
269 1999 412 2062 gemeinaam
439 2015 467 2046 ιιι
496 1999 622 2048 veraehren
640 2000 696 2047 oder
713 1997 809 2047 endlioh
826 2013 856 2046 ιιι
874 1997 975 2045 anderen
992 1995 1103 2044 Zweolren
1120 2011 1148 2044 ιιι
1167 2012 1218 2044 ιιι-

60 2080 149 2130 wanden.
184 2082 213 2129 In
240 2082 282 2130 der
308 2082 438 2130 Kaiseraeit
463 2083 603 2146 wenigstens
628 2082 660 2130 iet
686 2087 753 2129 unter
775 2079 912 2134 visceratio,
930 2080 1024 2143 epulum
1042 2079 1092 2127 und
1109 2082 1220 2144 sportula

30 2179 32 2184 ·
61 2161 127 2227 htufig
142 2181 186 2214 nur
203 2165 243 2212 ein
261 2163 437 2228 Geldgesoheulr
454 2181 482 2213 ιιι
501 2165 632 2223 verstehen,
649 2163 743 2212 obwobl
761 2163 877 2212 unweilen
896 2162 934 2210 die
953 2162 1116 2226 Verweudung
1132 2161 1219 2210 dessel-

62 2244 97 2292 ben
119 2263 146 2294 ιιι
171 2248 251 2295 eiuem
277 2247 410 2296 Festmahle
427 2247 592 2296 eusdr'dolrlieh
609 2248 752 2311 angeorduet
768 2246 829 2294 wird
846 2246 901 2294 oder
919 2245 971 2294 eine
989 2245 1097 2310 doppelte
1114 2245 1219 2293 Bewilli·

62 2340 114 2392 gnng
137 2331 200 2378 einer
225 2329 380 2379 Geldsnmme
405 2331 461 2379 oder
488 2331 553 2379 eines
579 2333 674 2395 epulum
700 2328 845 2378 stattfindet’'
872 2355 903 2366 -·
931 2333 954 2377 et
978 2328 1063 2376 titulos
1088 2327 1177 2377 ibidem
1193 2329 1220 2377 in
1308 2335 1311 2344 '

62 2413 239 2463 alaotatiouibus
261 2414 353 2464 allatos.
387 2416 416 2464 In
434 2415 471 2464 his
489 2415 568 2464 titulis
585 2432 633 2464 non
651 2431 742 2479 semper
757 2414 861 2476 ascripta
878 2417 934 2461 sunt
951 2412 1064 2476 Corporis
1081 2413 1219 2477 Inscriptio-

64 2509 111 2543 nnm
134 2497 257 2546 volumina
282 2503 305 2546 et
330 2498 431 2546 nrrmeri.
465 2499 557 2546 Addere
583 2498 656 2546 velim
684 2497 759 2546 Orelli
792 2497 864 2553 1368,
886 2495 952 2547 3740
969 2483 1064 2544 sesac.
1082 2496 1102 2544 1.
1120 2496 1146 2546 L.
1165 2496 1220 2544 XIV

64 2578 124 2637 1193,
148 2580 222 2628 2120.
258 2581 295 2630 CI.
322 2581 393 2629 etiam
418 2579 544 2644 Waltzing‚
570 2565 646 2629 lltnde
672 2581 755 2630 histor.
778 2596 821 2627 sur
847 2577 881 2627 les
907 2595 970 2642 corp.
997 2580 1095 2642 profess.
1113 2579 1167 2628 eheu
1186 2579 1220 2629 les

64 2659 169 2722 Romains,
195 2663 229 2712 IV
256 2679 307 2727 pag.
334 2664 381 2716 687
411 2680 468 2727 aeq,
485 2663 526 2728 qni
544 2664 573 2712 de
588 2665 712 2728 sportulae
731 2679 786 2711 vooe
803 2662 859 2711 haee
878 2662 959 2711 doeet:
980 2661 1028 2725 „Le
1046 2665 1095 2710 mot
1110 2664 1221 2726 sportula

64 2743 171 2808 s’emploie
198 2747 257 2794 dans
282 2747 343 2795 deur
369 2762 428 2795 sens.
464 2747 490 2795 1⁰
517 2747 626 2812 Sportule
652 2763 682 2795 ea
708 2750 796 2795 nature
814 2781 996 2794 ........
1024 2744 1050 2792 2⁰
1067 2745 1176 2808 Sportula
1194 2762 1222 2794 en

64 2832 141 2888 arpent.
166 2830 204 2878 Ad
229 2829 255 2876 1⁰
281 2829 377 2878 scribit:
406 2829 443 2894 „ll
469 2831 520 2878 faut
545 2845 678 2893 remarqner
700 2845 746 2892 qne
772 2828 795 2877 la
821 2827 926 2892 sportula
945 2843 975 2875 ne
992 2829 1118 2892 eompreud
1135 2844 1181 2892 que
1200 2828 1223 2877 la

65 2909 143 2970 viande,
165 2919 188 2960 et
205 2913 225 2960 si
242 2911 289 2960 elle
305 2913 356 2961 doit
371 2913 446 2962 servir
462 2913 476 2960 h
494 2929 524 2960 nn
544 2929 610 2976 repas
628 2929 747 2970 eommun,
765 2911 783 2959 il
801 2928 816 2975 y
834 2928 847 2958 a
865 2910 913 2959 lien
932 2911 960 2958 de
978 2911 1091 2974 ponrvolr
1109 2927 1138 2959 en
1157 2915 1223 2960 outre

64 3008 87 3040 aa
109 2995 169 3057 pain,
194 3011 225 3044 aa
251 2996 292 3044 vin
318 3001 341 3044 et
366 3012 410 3044 aux
439 2997 493 3044 hors
511 2996 534 3044 d'
553 3012 653 3044 oenvre:
672 2996 766 3059 adjecto
778 3010 842 3058 pana
857 2998 880 3042 et
899 2993 979 3041 viao.''
1014 2994 1047 3041 Re
1066 3009 1119 3042 vera
1136 2995 1222 3042 inseri·

64 3077 144 3138 ptiones
158 3079 255 3128 Latinae
272 3080 302 3128 ad
324 3079 404 3143 epulas
421 3079 584 3143 sportulssqne
599 3079 744 3142 pertinentes
761 3077 853 3126 crebrae
871 3093 920 3125 non
939 3075 1017 3124 solnm
1035 3077 1103 3141 panis
1121 3081 1144 3126 et
1161 3078 1222 3136 vini,

65 3160 97 3206 sed
113 3162 180 3210 etiam
198 3161 245 3210 olei
263 3162 392 3210 divisiones
410 3166 533 3210 testantur.
837 3173 840 3178 '

91 3253 108 3313 1)
139 3257 243 3321 Agrippa
267 3255 352 3304 aedilis
377 3273 439 3305 anno
459 3273 482 3314 a.
506 3273 528 3304 n.
547 3273 566 3304 ι.
582 3257 629 3308 791
648 3261 671 3318 (a
688 3256 745 3304 Chr.
765 3272 789 3304 n.
814 3256 855 3316 33)
876 3242 941 3308 (ικαὶ
962 3241 1057 3302 ’ἔλαιον
1077 3246 1125 3306 καὶ
1146 3243 1224 3314 ἅλας

16 3393 18 3426 ζ
65 3337 292 3408 ιᾰσι’διέδωκε,”
312 3352 381 3416 idque
402 3335 510 3415 μμηόὲν
531 3335 563 3400 ia
583 3344 635 3398 τοῦ
656 3338 796 3412 δημοσίου
818 3337 952 3414 λαβὼν.”
982 3351 1038 3413 (Dio
1056 3351 1120 3399 cass.
1138 3351 1222 3408 XLIX,

65 3433 183 3495 43,1,3).
218 3435 285 3484 Idem
312 3441 435 3500 postquam
452 3437 515 3485 diem
532 3451 669 3500 supremum
688 3435 755 3491 obiit,
773 3435 844 3484 illins
862 3429 1098 3498 nomine'hngnstus
1113 3440 1222 3483 centenas

66 3524 176 3578 dsahmas
195 3530 285 3579 visam
302 3529 390 3594 populo
406 3530 496 3580 ιιιιιι.
519 3531 574 3591 ma
592 3529 657 3579 cass.
676 3530 736 3588 arv,
756 3531 796 3590 ιι,
814 3532 845 3578 42
861 3520 952 3581 ,καθ’
964 3513 1224 3596 ἑκατὲνδραχαὰς

67 3618 102 3688 τι)
120 3610 202 3690 δήμῳ
222 3611 259 3682 ὡς
279 3612 328 3676 καὶ
347 3608 452 3674 ἐκείνου
471 3613 670 3682 κελεύσαντος
691 3612 852 3689 διένειμε.”)

93 3714 110 3775 ⁸)
141 3716 211 3765 Varia
234 3732 326 3780 quoque
351 3716 412 3765 dona
429 3716 516 3781 populo
534 3717 701 3781 spargebantur
720 3717 756 3764 vel
775 3717 846 3765 etiam
865 3721 970 3772 tesserae,
989 3731 1048 3780 qnae
1065 3714 1151 3778 quibus
1169 3728 1224 3761 con·

68 3796 162 3859 ligarent,
179 3799 252 3848 iidem
269 3800 387 3864 quoddam
396 3816 484 3848 manns
493 3799 701 3864 consequebantur.
720 3801 766 3861 (Ol.
777 3817 828 3864 pag.
840 3800 887 3847 194
897 3802 971 3863 seqq.)
991 3797 1130 3862 Exemplum
1139 3796 1224 3845 habeas

69 3890 174 3942 ineodem
192 3895 303 3959 Agrippa,
321 3895 362 3959 qui
383 3881 448 3948 ικαὶ
468 3882 555 3951 τέλος
578 3881 725 3958 σύμβολα)
746 3881 780 3942 τέ
800 3903 864 3940 τινι
886 3877 915 3950 ἒς
935 3876 971 3939 τὸ
992 3879 1121 3955 Ιἳιέιιιροιι
1141 3875 1221 3941 κατὰ

69 3977 176 4055 topuplv
197 3977 297 4057 ἔρριψε,
320 3989 362 4058 τῷ
384 3975 438 4054 μὲν
457 3979 594 4055 ἀργύριον
614 3989 656 4058 τῷ
677 3975 709 4037 δὲ
728 3976 847 4046 ἐσθῆτα
872 3987 915 4057 τῷ
937 3973 968 4036 δὲ
989 3977 1067 4036 ἄλλο
1089 3998 1118 4035 τι
1129 3975 1223 4055 φέρον·

70 4097 112 4150 τα,
140 4080 188 4141 καὶ
214 4081 294 4142 ἄλλο(
316 4085 491 4158 πάμπολλα
512 4081 577 4142 ὥνια
598 4080 626 4152 ἐς
648 4083 682 4141 τὸ
700 4081 793 4158 μέσον
813 4087 959 4150 καταθεὶς
979 4080 1142 4155 διαρπάσαι
1159 4082 1223 4156 σφί-

70 4193 108 4230 σιν
128 4174 306 4258 ἓπετρε)εν.”
325 4194 379 4256 (Ι)ἰο
397 4194 461 4242 Cass.
480 4193 496 4241 l.
514 4193 531 4242 l.
549 4197 559 4254 §
578 4197 602 4252 4)
637 4193 719 4255 Cogita
736 4207 829 4254 qnoque
847 4191 874 4239 de
893 4190 978 4240 Stellae
997 4191 1060 4238 ludis
1078 4189 1224 4250 inhonorem

72 4269 188 4324 Domitiani
207 4277 234 4326 de
251 4278 364 4327 Sarmatis
381 4277 496 4344 triumphi
515 4277 634 4337 exhibitis,
652 4278 679 4325 de
696 4275 784 4340 quibus
801 4273 851 4339 lege
869 4275 942 4326 Mart.
958 4274 1025 4334 VIII,
1044 4273 1075 4327 78
1087 4277 1109 4322 et
1117 4273 1146 4322 ef.
1156 4287 1225 4338 supra

71 4367 114 4420 pag.
130 4358 174 4407 let
190 4360 245 4411 adu.
263 4361 286 4412 1.
