3122 5130
840 641 881 702 :ro

277 823 321 889 2³.
345 821 495 909 plebeios
518 841 718 886 communes
743 817 883 908 quidem
895 837 975 880 eum
986 818 1136 902 patriciis
1148 816 1229 882 belli
1240 820 1472 886 easussusti·

276 936 399 1015 nuisse‚
424 933 482 998 sed
505 933 542 996 in
563 937 696 1019 partem
719 929 864 1016 praedae
889 929 1023 1015 saepius
1047 951 1117 994 non
1143 951 1212 994 esse
1237 937 1399 1010 vocatos;
1436 929 1468 1018 ¹)

277 1047 323 1114 3⁰.
347 1046 496 1134 plebeios
519 1045 657 1130 gravius
680 1043 807 1108 tributo
821 1063 952 1128 pressos
965 1063 1035 1107 esse
1050 1063 1156 1128 quam
1171 1043 1340 1128 patricios,
1356 1045 1471 1131 quod

277 1159 455 1248 apparebit
477 1181 520 1224 ex
543 1158 593 1238 iis,
620 1178 707 1246 quae
730 1157 802 1222 iam
826 1155 982 1219 dicturus
1005 1176 1083 1220 sum
1107 1154 1148 1220 de
1173 1177 1255 1240 agro
1279 1157 1466 1223 Romano.

323 1273 350 1338 b.
399 1271 547 1338 Ooredtet'o
580 1271 651 1336 solt.
697 1270 751 1334 Ex
785 1268 1031 1355 antiquissimis
1066 1268 1207 1354 quidem
1237 1270 1468 1357 temporibus

279 1407 388 1473 pauca
422 1391 558 1450 tantum
593 1383 633 1448 de
672 1383 745 1466 agri
777 1381 906 1446 ratione
930 1387 1104 1468 comperta
1128 1380 1304 1448 habemus.
1352 1384 1464 1462 Quae

279 1506 395 1564 tamen
441 1498 529 1562 effici
574 1501 715 1583 possunt
749 1516 792 1559 ex
827 1495 1031 1581 scriptorum
1065 1495 1266 1560 testimoniis
1300 1495 1464 1562 breviter

280 1633 452 1698 exponam
476 1609 511 1697 ⁹).
559 1609 651 1694 Ager
674 1608 852 1673 Romanus
875 1614 957 1674 tuno
981 1629 1050 1673 esse
1074 1615 1229 1694 poterat:
1255 1631 1372 1694 sager
1387 1633 1461 1696 pu-

280 1724 389 1790 blieus
401 1747 409 1805 ;
434 1724 451 1788 b
475 1744 556 1808 ager
578 1722 742 1812 privatus.
781 1721 881 1799 Quod
895 1721 1109 1787 contendunt
1121 1743 1262 1788 omnem
1274 1724 1460 1809 privatum

281 1859 403 1923 agrum
441 1835 609 1923 principio
643 1836 744 1900 fuisse
778 1834 993 1919 singularum
1026 1835 1182 1920 gentium
1217 1857 1456 1918 communem,

267 1953 387 2030 ,immo
415 1950 479 2016 hoe
504 1949 696 2016 dominium
720 1947 934 2044 gentilioium
956 1948 1094 2014 fortasse
1118 1950 1222 2015 etiam
1234 1951 1456 2016 antecessisse

260 2060 362 2150 ¹agro
397 2063 544 2150 publico,
582 2064 646 2129 hoo
670 2062 714 2127 ad
736 2063 949 2148 propositum
970 2068 1126 2127 nostrum
1148 2085 1219 2129 non
1242 2064 1398 2150 pertinet.
1426 2063 1455 2151 ³)

281 2179 357 2244 Hoe
371 2184 506 2243 tantum
518 2183 675 2242 notemus
688 2176 821 2261 saepius
834 2196 956 2260 agrum
968 2175 1146 2262 publicum
1153 2183 1325 2243 mutatum
1333 2199 1403 2243 esse
1414 2178 1455 2242 in

281 2313 404 2376 agrum
427 2291 611 2376 privatum.
658 2289 845 2354 Sescenties
861 2288 1007 2374 legimus
1022 2289 1255 2377 „publicatum
1267 2313 1336 2356 esse
1349 2289 1456 2358 illum

225 2465 229 2476 ,
282 2426 413 2489 agrum,
438 2403 498 2490 qui
521 2425 565 2468 ex
587 2401 741 2467 hostibus
765 2409 884 2489 eaptus
907 2403 1010 2468 erat'.
1025 2404 1051 2490 ⁴)
1087 2403 1240 2472 Victores
1251 2412 1327 2472 tum
1339 2406 1366 2470 si
1378 2426 1455 2470 non

283 2539 422 2588 omnem
449 2537 580 2601 agrum,
603 2523 691 2580 certe
705 2523 838 2602 partem
851 2515 1002 2603 pristinis
1013 2517 1258 2603 possessoribus
1270 2518 1410 2584 reddere
1428 2519 1455 2606 ἔ1)

242 2693 245 2702 ,
283 2629 446 2711 solebant,
471 2635 604 2715 partem
627 2651 706 2696 vero
731 2629 796 2715 ipsi
819 2629 1020 2695 dividebant
1036 2630 1092 2696 vel
1104 2631 1236 2698 civibus
1248 2632 1317 2697 suis
1329 2632 1459 2698 vende·

283 2743 366 2809 bant
390 2742 425 2830 6).
450 2743 526 2808 Iam
549 2742 685 2827 regibus
708 2743 930 2826 regnantibus
954 2743 1100 2828 legimus
1116 2744 1201 2811 tales
1213 2767 1311 2830 agros
1322 2746 1456 2812 viritim

283 2859 384 2922 fuisse
397 2856 531 2937 divisos
545 2857 658 2943 primo
671 2856 837 2921 nimirum
850 2878 919 2922 uon
932 2858 1099 2924 nisiinter
1111 2859 1279 2944 patricios,
1289 2859 1356 2925 Sed
1367 2859 1455 2925 haee

283 2979 446 3057 tempora,
471 2976 511 3034 ut
532 2991 656 3056 parum
680 2977 780 3050 eerta,
806 2971 1006 3036 omittimus.
1038 2973 1159 3038 Postea
1171 2973 1365 3060 saepissime
1378 2973 1454 3057 agri

283 3083 553 3168 assignabantur,
582 3083 652 3148 sive
676 3090 714 3147 ut
737 3082 864 3170 plebeis
889 3085 948 3170 qui
973 3068 1019 3150 ab
1039 3106 1121 3169 agro
1144 3086 1281 3171 publico
1305 3086 1452 3152 fruendo

287 3245 479 3256 ....----

318 3289 334 3349 1)
359 3289 413 3338 Liv.
431 3288 463 3346 ΙΙ,
482 3289 521 3345 24,
540 3287 570 3334 2:
590 3287 686 3350 „Patres
703 3286 843 3344 militarent,
863 3292 939 3351 putres
956 3304 1022 3336 armo
1038 3293 1158 3354 caperent,
1176 3294 1203 3338 ut
1221 3307 1291 3356 penes
1308 3290 1400 3340 eosdem
1410 3305 1452 3353 pe-

282 3371 358 3420 rioula
375 3370 441 3427 belli,
460 3386 530 3434 penes
546 3386 605 3433 quos
622 3370 726 3432 praemia
743 3370 844 3418 essent.''
861 3370 896 3418 lb.
916 3372 955 3427 42,
976 3373 987 3419 l
999 3392 1005 3430 i
1017 3372 1185 3436 „Malignitate
1195 3377 1297 3438 patrum,
1307 3374 1348 3437 qui
1359 3412 1364 3422 .
1375 3411 1381 3423 .
1391 3409 1413 3423 ..
1427 3413 1451 3426 ..

282 3453 386 3502 militem
395 3454 480 3517 praede
488 3452 650 3501 smudsvere.’'
668 3452 707 3500 Sio
716 3453 846 3501 sescenties.
864 3453 901 3502 Os.
919 3458 997 3502 tamen
1008 3454 1120 3519 Schwegl.
1130 3456 1158 3504 R,
1169 3456 1197 3504 G.
1207 3456 1232 3504 II
1241 3473 1291 3520 pig.
1303 3457 1351 3506 212
1360 3457 1413 3505 adn.
1425 3458 1450 3506 2.

315 3537 334 3597 ²)
361 3538 395 3584 De
412 3537 455 3584 hee
472 3551 497 3584 re
514 3535 619 3583 moseres
637 3534 845 3599 Pauly-Wissotrs,
864 3535 1030 3601 Reti-Encyol.
1049 3537 1072 3585 1²
1089 3554 1107 3586 s.
1125 3554 1148 3586 v.
1166 3553 1228 3601 aper,
1246 3555 1298 3602 pag.
1317 3537 1365 3589 789
1384 3555 1451 3603 seq.;

280 3619 390 3669 Daremb.
409 3623 433 3667 et
450 3617 520 3681 Segl„
538 3618 601 3666 Dict.
619 3617 660 3664 des
680 3618 767 3681 sntiq.
786 3635 803 3666 s.
822 3635 844 3666 v.
862 3635 918 3682 aper
931 3620 1057 3683 publicus5
1075 3621 1187 3685 Schwegl.
1205 3623 1232 3669 R.
1251 3622 1280 3670 G.
1298 3621 1324 3670 Il
1339 3639 1390 3688 pag.
1400 3622 1451 3671 402

281 3719 362 3766 seqq.;
380 3702 457 3765 Lange
475 3701 541 3748 Rom.
561 3699 610 3748 Art.
629 3699 653 3748 1³
671 3716 722 3763 pag.
742 3700 789 3752 157
807 3717 887 3765 seqq.;
905 3702 1017 3750 Momms.
1035 3704 1091 3751 Stlt.
1110 3703 1148 3751 ΙΙΙ
1166 3719 1218 3767 pag.
1239 3704 1271 3752 84
1288 3719 1351 3768 ιαμ
1371 3706 1450 3770 Msrq.

282 3786 338 3834 stv.
356 3785 393 3834 11²
409 3800 462 3849 pag.
481 3783 528 3831 151
547 3799 610 3846 seqq.

313 3869 335 3929 ³)
360 3868 395 3917 01.
423 3866 622 3932 Pauly-Wissows
647 3866 663 3914 l.
691 3865 707 3914 1.
734 3882 786 3930 pag.
811 3866 875 3925 790;
895 3868 1006 3917 Momme.
1025 3869 1081 3916 sut.
1100 3869 1137 3916 III
1155 3885 1206 3933 pag.
1226 3870 1257 3918 24
1274 3885 1350 3934 seqq.;
1368 3875 1453 3921 eontra

282 3967 352 4015 quem
379 3949 486 4006 Voleton,
513 3950 577 3997 Over
602 3948 631 3997 de
657 3948 752 3997 rechten
778 3949 820 3997 der
842 3951 925 4013 patrio.
951 3957 1039 4014 gentes,
1063 3968 1115 4016 pag.
1134 3951 1184 4004 374
1200 3953 1250 4015 (69)
1267 3968 1330 4016 seqq.
1349 3954 1452 4004 affirmat

284 4049 378 4082 omnem
395 4048 479 4098 agrurn
496 4031 615 4096 principio
631 4031 704 4079 fuisse
720 4047 736 4094 p
746 4048 762 4080 u
771 4032 786 4079 b
796 4031 805 4079 1
814 4031 822 4079 i
833 4048 870 4080 ou
879 4049 910 4080 m.

315 4117 334 4176 ⁴)
361 4115 478 4179 Pompon.
495 4114 549 4177 Dig.
568 4113 651 4171 XLIX,
671 4113 710 4172 15,
729 4114 768 4171 20,
788 4115 809 4163 1.

316 4199 335 4259 ⁵]
362 4197 471 4248 Plurima
488 4197 595 4261 exemplo
612 4197 667 4245 vide
684 4199 748 4262 apud
765 4198 877 4262 Sehwegl.
897 4199 925 4249 R.
942 4200 970 4247 G.
989 4200 1013 4248 11
1032 4216 1084 4264 pag.
1102 4201 1150 4249 403
1169 4217 1215 4265 seq.

315 4283 335 4343 ⁶)
361 4281 395 4330 Hi
412 4281 462 4344 agri
480 4286 557 4344 postea
574 4278 755 4343 appellabantur
771 4282 915 4345 quaestorii3
933 4290 1042 4341 attamen,
1060 4283 1080 4332 si
1097 4299 1181 4332 verum
1197 4300 1301 4348 quaeras,
1318 4303 1400 4335 eorum
1411 4289 1453 4337 do·

285 4365 389 4414 minium
408 4362 543 4413 remanebat
560 4362 622 4425 apud
640 4362 766 4412 civitatem.
784 4363 821 4412 Cf.
840 4364 916 4427 Marq.
936 4364 953 4414 l.
971 4364 988 4413 l.
1006 4380 1058 4429 pag.
1078 4364 1132 4413 156.
