3084 5128
329 795 366 861 in
401 796 551 862 confesso
576 800 634 861 est.
682 793 798 860 Rebus
822 794 870 860 ita
892 815 926 859 se
950 791 1157 858 habentibus
1180 791 1393 879 aliquantum
1414 788 1477 854 hae·

331 909 429 976 citavi
450 914 567 973 utrum
590 908 684 973 hunc
706 907 821 973 locum
845 907 965 974 leviter
988 906 1193 991 attingerem
1217 927 1262 970 an
1284 902 1433 969 subtilius
1448 901 1478 966 de
1522 929 1523 970 r

331 1043 371 1088 eo
395 1022 614 1108 disputarem.
660 1021 750 1086 Nam
774 1020 886 1108 quoad
910 1019 1074 1084 alimenta
1086 1041 1121 1084 re
1135 1040 1216 1086 vera
1228 1016 1399 1102 egentium
1409 1036 1476 1080 oure
1522 1041 1523 1054 .

332 1135 496 1221 appellari
530 1139 680 1221 possunt,
716 1133 916 1218 dignissima
948 1133 1109 1199 videntur
1132 1131 1257 1217 quibus
1279 1129 1477 1207 insistamus;

333 1248 446 1334 quoad
480 1269 561 1314 vero
594 1247 638 1312 ad
672 1247 793 1314 urbem
823 1247 972 1312 Romam
995 1267 1064 1312 non
1089 1243 1297 1332 spectabant,
1321 1265 1359 1308 ea
1382 1240 1481 1328 paucis

332 1360 540 1427 absolvenda
562 1382 632 1426 esse
657 1359 792 1426 dixeris.
840 1360 1054 1426 Momentum
1077 1358 1157 1424 fecit
1171 1357 1410 1423 alimentorum
1421 1355 1479 1440 ipsa

333 1473 385 1542 vis
418 1479 452 1540 et
488 1478 621 1538 natura.
667 1474 776 1539 Erant
799 1473 893 1540 enim
916 1472 1080 1539 alimenta
1105 1477 1176 1537 tam
1199 1471 1317 1556 gravia
1340 1487 1480 1535 necnon

333 1586 377 1652 ad
400 1594 643 1670 argumentum
666 1593 818 1652 nostrum
841 1593 913 1652 tam
937 1586 1117 1652 manifesto
1138 1584 1363 1672 pertinebant,
1387 1579 1480 1647 utilia

334 1699 474 1787 quidem
498 1721 566 1787 quo
583 1700 697 1766 minus
710 1700 808 1787 quasi
821 1699 1107 1787 praetervolarem
1120 1699 1157 1763 in
1170 1697 1327 1763 animum
1338 1696 1480 1761 inducere
1522 1773 1523 1790 .

333 1835 402 1880 non
426 1813 657 1880 sustinuerim.

375 1926 463 1994 Urbi
485 1927 626 2008 Romae,
651 1933 820 1992 terrarum
843 1927 990 2012 reginae,
1016 1926 1109 2013 quod
1132 1930 1245 1991 cetera
1265 1923 1363 1990 Italia
1385 1958 1425 1970 -
1445 1940 1478 1984 ex

333 2062 402 2127 qua
425 2041 496 2126 ipse
520 2047 613 2106 ortus
636 2046 708 2106 erat
731 2079 774 2090 —-
798 2063 932 2126 semper
956 2043 1217 2126 postponeretur
1231 2038 1369 2122 indigne
1382 2034 1480 2101 tulisse

330 2154 467 2222 videtur
500 2154 613 2221 Nerva
651 2155 846 2240 imperator.
873 2152 898 2240 ¹)
921 2153 1026 2220 Cuius
1049 2151 1238 2218 rationibus
1262 2157 1301 2217 ut
1323 2151 1392 2236 ipse
1415 2168 1479 2213 con·

331 2267 465 2349 suleret,
493 2266 642 2353 „puellas
654 2289 844 2353 puerosque
859 2273 956 2332 natos
971 2264 1170 2353 parentibus
1187 2265 1347 2349 egestosis
1359 2265 1480 2346 sumptu

330 2379 467 2466 publico
508 2402 569 2466 per
602 2380 720 2447 Italiae
751 2381 877 2467 oppida
900 2380 945 2446 ali
968 2379 1095 2445 iussit.''
1121 2377 1147 2464 ³)
1196 2378 1423 2444 Oonfirmatur
1439 2392 1480 2438 res

331 2515 475 2559 nummo
511 2493 670 2580 quodam,
706 2495 742 2558 in
776 2495 873 2560 ouius
907 2515 1024 2561 aversa
1049 2497 1144 2579 parte
1167 2491 1354 2578 imperator
1383 2488 1480 2554 Nerva

331 2605 513 2672 exhibetur
557 2605 658 2672 sellae
695 2607 806 2674 curuli
838 2607 990 2673 insidens
1026 2606 1272 2692 dexteramque
1309 2601 1479 2670 extendens

330 2742 448 2788 versus
493 2719 673 2786 mulierem
711 2720 884 2806 (italiam),
920 2722 1010 2786 inter
1044 2725 1230 2805 utrumque
1267 2716 1428 2805 puerulus
1455 2717 1481 2776 et

330 2833 444 2921 puella
456 2856 464 2916 ;
489 2834 650 2900 adiuncta
673 2840 723 2900 est
745 2834 920 2921 inscriptio
944 2852 1080 2900 uvrnnn
1103 2849 1259 2898 mauric.
1283 2829 1312 2917 8)

1522 4159 1523 4204 r

328 3013 441 3064 vocabulo
459 3031 481 3078 q.
504 3031 523 3062 e.
541 3013 660 3063 institutio
677 3014 836 3065 alimentaria.
865 3013 991 3063 Institutio
1000 3013 1064 3063 enirn
1073 3013 1102 3062 ab
1112 3012 1212 3078 optimis
1221 3010 1358 3060 Latinitatis
1367 3005 1483 3060 auctoribus

328 3098 402 3146 active
418 3101 511 3146 tentum
528 3097 632 3161 ponitur,
650 3113 697 3146 non
715 3097 814 3162 passive.
849 3097 886 3146 Cf.
904 3095 1107 3155 Krebs·Schmalz,
1125 3094 1250 3145 Antibarb.
1269 3087 1483 3156 clarummane

329 3196 347 3230 s.
365 3196 388 3229 v.
406 3179 532 3228 institutio.
567 3180 596 3227 In
614 3180 692 3229 titulis
711 3197 764 3229 vero
782 3186 804 3230 et
821 3181 883 3246 apud
900 3181 1033 3244 scriptores,
1051 3179 1244 3244 quotiescumque
1261 3179 1290 3226 de
1307 3177 1352 3226 hec
1369 3193 1394 3226 re
1409 3170 1482 3224 mentio

327 3265 362 3319 fit,
379 3263 471 3310 nudum
488 3262 628 3310 vocabulum
645 3263 758 3312 alimenta
782 3265 878 3328 ponitur
895 3270 1076 3327 (nonuunquam
1093 3262 1208 3310 alimenta
1226 3259 1340 3317 Caesarie,
1360 3263 1387 3310 nt
1404 3253 1482 3307 (11.1Ι

329 3346 371 3402 XI,
398 3345 462 3394 3123
488 3349 530 3407 (=
554 3345 649 3395 Henzen
676 3347 766 3406 6666);
794 3347 876 3406 3211).
911 3347 948 3396 Ite
974 3346 1131 3410 magistratus,
1157 3345 1198 3409 qni
1225 3344 1262 3392 his
1279 3343 1354 3392 rebus
1372 3341 1482 3408 praeerant

328 3427 507 3493 appellabantur
528 3429 667 3492 praefectur
690 3429 865 3488 alimentorum,
883 3435 980 3479 curator
997 3429 1050 3478 reue
1067 3433 1090 3478 et
1107 3428 1278 3485 alimentorum,
1295 3427 1433 3476 subruentur
1446 3419 1483 3470 ali·

328 3515 465 3568 mentorum,
482 3511 563 3575 etqui
581 3516 635 3560 sunt
653 3513 744 3576 generis
760 3513 865 3562 eiusdem
908 3513 944 3562 Cf.
963 3513 1027 3561 infra
1068 3512 1191 3569 Pecuniae,
1213 3526 1283 3574 quam
1301 3510 1451 3574 imperatores
1465 3504 1484 3550 in

328 3593 440 3642 elimenta
467 3593 624 3658 assignabant,
652 3611 737 3644 nomen
762 3599 812 3644 eret
835 3612 905 3644 ruera
924 3597 1029 3660 pecunia
1045 3594 1198 3644 alimentaria
1215 3593 1252 3655 (Ο.
1271 3593 1292 3642 Ι.
1309 3592 1337 3641 L.
1355 3593 1399 3649 IX,
1416 3589 1483 3642 ueta

328 3678 357 3736 X,
384 3677 466 3738 1491),
491 3678 541 3727 sive
562 3679 665 3742 pecunia
690 3679 786 3742 publica
812 3696 872 3742 quae
895 3682 930 3727 eet
954 3678 1146 3740 alimentfhrum)
1173 3677 1248 3738 (0.1.
1266 3676 1293 3724 L.
1312 3675 1341 3734 X,
1361 3676 1426 3734 981),
1445 3671 1484 3719 titt

325 3759 428 3825 pecunia
452 3761 617 3810 alimentorum
635 3761 784 3825 pullicorum
810 3762 847 3820 (C.
873 3762 893 3810 1.
920 3762 947 3809 L.
971 3761 1000 3818 X,
1019 3760 1102 3818 45701,
1121 3761 1170 3808 sive
1186 3759 1288 3822 pecunia
1307 3753 1485 3817 alimentorum)

327 3844 365 3905 (Ο.
390 3844 411 3892 I.
436 3844 463 3893 L.
489 3844 518 3903 X,
545 3844 627 3903 4582),
654 3844 703 3892 sive
725 3845 828 3908 pecunia
846 3845 997 3892 alimentaria
1014 3843 1050 3904 (C.
1069 3844 1088 3892 1.
1106 3843 1133 3892 L.
1151 3842 1193 3897 IX,
1213 3840 1294 3898 1415;
1313 3841 1398 3900 2807,
1416 3836 1482 3890 3223;

328 3927 357 3984 X,
384 3927 431 3985 20;
458 3927 489 3980 47
499 3947 506 3986 ;
533 3927 574 3986 XI,
597 3927 680 3988 4389).
714 3927 780 3976 Illud
805 3942 874 3976 naara
901 3928 926 3975 in
951 3943 1022 3976 saara
1036 3926 1140 3991 pecunia
1157 3925 1310 3974 alimentaria
1328 3941 1378 3974 non
1396 3924 1483 3974 referem

328 4010 384 4058 dum
403 4013 437 4058 est
457 4011 486 4058 ed
502 4025 538 4059 res
555 4010 664 4067 divinas;
682 4026 842 4074 quaecumque
859 4010 888 4058 ed
905 4010 1055 4074 imperatores
1073 4008 1214 4073 spectabant,
1233 4021 1298 4056 saera
1315 4008 1431 4073 appellata
1446 4015 1485 4051 eeu

330 4096 413 4141 notum
432 4097 467 4141 est

349 4175 385 4235 .¹)
418 4175 455 4224 of.
474 4175 579 4224 Hirschl.
596 4175 624 4224 V.
642 4176 672 4226 G.
689 4175 701 4223 I
719 4191 770 4238 pag.
790 4176 845 4224 114.

362 4259 383 4320 ²)
417 4258 500 4309 Aurel.
516 4258 604 4307 Victor.
624 4259 689 4323 npit.
709 4259 747 4307 12.

361 4341 382 4406 1)
418 4341 498 4392 Oohen
515 4340 552 4390 11²
568 4357 620 4406 pag.
639 4341 679 4401 12,
698 4342 753 4391 142.
787 4342 857 4390 Recte
874 4341 949 4405 igitur
968 4339 1065 4391 Henzen
1081 4342 1126 4406 (De
1140 4339 1482 4400 abnlimenrffleebnnmu.
1522 4353 1523 4400 ζ
