3040 5134
483 729 485 732 ¹
573 652 637 720 153

31 835 72 896 est
101 831 203 897 huius
238 827 320 897 loci.
365 829 418 895 Ad
453 837 609 897 nostrum
644 830 857 918 propositum
891 851 995 917 grave
1030 835 1081 897 est
1115 829 1191 911 hoo,

33 943 108 1029 quod
142 965 222 1010 mea
260 941 400 1030 quidem
431 943 601 1010 sententia
635 943 784 1010 ostendit
817 943 1028 1010 Caesarianis
1052 963 1190 1032 quoque

32 1057 230 1143 temporibus
265 1056 428 1122 frumenti
455 1055 653 1142 largitiones
678 1057 819 1124 omnino
843 1057 944 1124 fuisse
969 1077 1013 1124 ex
1037 1078 1101 1123 usu
1124 1057 1192 1123 Ro·

33 1191 138 1236 manae
162 1169 297 1258 plebis:
321 1168 427 1236 tribus
452 1177 533 1236 tuno
557 1170 749 1256 designasse
763 1170 900 1236 tertiam
912 1169 1032 1258 populi
1044 1176 1187 1257 partem,

32 1281 153 1367 plebem
187 1269 318 1350 scilieet
351 1283 434 1368 (sive
470 1282 638 1371 populum
671 1284 867 1370 angustiore
890 1285 1015 1371 sensu),
1040 1304 1128 1372 quae
1154 1288 1193 1349 ut

31 1395 183 1479 ignobiles
217 1395 390 1462 nobilibus
425 1397 460 1483 (i.
494 1418 523 1463 e.
559 1397 737 1464 ordinibus
771 1397 939 1464 senatorio
974 1403 1008 1464 et
1027 1397 1191 1486 equestri)

32 1515 93 1574 erat
116 1510 282 1598 opposita,
309 1507 333 1596 ¹)
356 1531 485 1598 perque
508 1509 584 1577 illas
610 1512 824 1578 frumentum
842 1511 943 1578 luisse
967 1510 1189 1578 distributum

32 1622 65 1688 de
87 1644 152 1710 quo
175 1645 270 1691 nune
294 1624 437 1709 agimus,
462 1623 488 1706 ²)
533 1623 588 1690 Ad
612 1625 841 1712 reipublicae
865 1646 946 1693 vero
969 1646 1114 1693 munera
1135 1626 1193 1692 tri-

32 1733 84 1801 bus
106 1742 187 1804 tuno
210 1737 310 1824 parvi
332 1743 430 1804 erant
453 1738 631 1805 momenti.
656 1736 683 1824 3)

67 1848 249 1926 Quaeritur
282 1872 367 1916 num
401 1849 467 1918 looi
503 1851 571 1917 sint
606 1852 667 1938 qui
691 1853 771 1919 huie
794 1852 1068 1940 interpretationi
1092 1874 1192 1940 repu-

31 1974 126 2048 gnent
165 1966 294 2053 quique
325 2003 369 2014 -
397 1972 435 2032 ut
469 1966 644 2032 affirmant
677 1966 779 2033 multi
803 1967 868 2033 viri
894 1967 985 2033 docti
1009 2005 1052 2015 -
1076 1972 1191 2053 aperte

59 2173 76 2231 1)
109 2171 193 2219 Tribus
209 2174 266 2219 tune
277 2169 339 2219 idem
352 2170 454 2219 suluisse
464 2175 534 2234 utque
544 2170 634 2235 plebeus
643 2169 727 2219 multis
737 2169 946 2220 exloeisellloitnr.
964 2170 1062 2235 Legitur
1070 2185 1093 2220 v.
1103 2187 1123 2220 c.
1133 2171 1191 2220 sut

31 2253 79 2302 silv.
90 2255 129 2312 lv,
144 2255 165 2312 1,
177 2255 208 2303 25
221 2269 269 2318 seq.
283 2253 337 2314 (lid.
350 2253 441 2314 Klotz)=
456 2253 581 2319 „Moribus
593 2258 663 2317 etque
674 2254 721 2302 tuis
733 2253 835 2318 gaudent
849 2259 983 2318 turmaeque
999 2252 1121 2318 tribusque
1132 2253 1192 2303 Pur·

31 2338 130 2401 pureique
146 2336 247 2402 pstres.’'
265 2335 327 2385 Flor.
345 2336 365 2395 I,
383 2337 423 2395 22,
438 2335 470 2385 24
484 2337 527 2398 (II,
543 2337 565 2394 6,
581 2337 634 2392 sn:
650 2337 727 2401 „Opes
737 2336 978 2386 sueslibensseuetus
988 2337 1128 2386 inmedium
1139 2353 1192 2401 pro·

31 2419 78 2468 tulit
95 2456 215 2471 ........
232 2436 303 2484 eques
319 2425 412 2468 sanutus
426 2419 561 2484 exemplum
572 2420 722 2483 imitataeque
731 2420 834 2484 equitem
842 2420 945 2470 tribus.”
954 2420 1012 2483 (Hie
1021 2420 1087 2470 locus
1095 2436 1192 2486 prorsus

31 2503 127 2552 mevenit
144 2519 199 2553 enm
215 2503 267 2552 Lis.
286 2502 372 2558 XXVI,
387 2502 427 2561 dd,
446 2503 489 2550 12:
508 2502 596 2568 „Hune
610 2518 749 2552 eonsensum
767 2507 860 2553 senatus
878 2507 984 2567 equester
1003 2505 1059 2552 ordo
1077 2508 1111 2553 est
1128 2520 1192 2553 meu·

31 2587 68 2643 tus,
88 2587 199 2650 equestris
216 2586 307 2634 ordinis
325 2585 416 2650 plebs.”
451 2583 516 2648 Quae
534 2585 607 2649 igitur
623 2586 685 2649 apud
702 2585 799 2633 Florum
817 2586 892 2634 tribus
909 2590 1029 2645 vocentur,
1046 2588 1109 2652 epod
1126 2587 1192 2637 Idri·

31 2693 64 2726 um
74 2680 140 2742 peu
156 2685 208 2742 ar.)
243 2681 288 2729 nio
306 2679 369 2729 oss.
389 2680 479 2737 nvnr,
498 2681 520 2738 a,
539 2681 569 2733 τι
590 2664 643 2734 ,τὸ
664 2669 727 2742 γάρ
748 2690 793 2726 τοι
813 2668 1191 2746 πλῆθοςτῶνάνὸμάντων

31 2749 62 2816 ὧν
82 2761 99 2828 ἦ
120 2781 155 2820 τε
174 2761 271 2835 βουλὴ
291 2768 340 2826 καὶ
359 2763 377 2830 ἡ
398 2761 492 2831 lande
512 2762 545 2821 αἵ
561 2783 596 2822 τε
606 2764 692 2840 φυλαὶ
702 2764 750 2826 καὶ
760 2768 785 2822 el
793 2764 895 2838 ἄνδρες
905 2769 929 2824 οἱ
940 2773 1049 2840 πρῶτοι
1059 2765 1192 2837 ἔστησαν

31 2853 125 2914 αὑτοῦ”
156 2870 211 2920 noll.
236 2888 290 2920 enm
316 2873 346 2921 iis
372 2889 431 2937 qnae
457 2871 634 2937 subsequuntur
659 2877 679 2934 (t
698 2874 738 2934 8):
771 2859 932 2935 ’πρέσβεις
960 2881 995 2920 τε
1024 2863 1079 2942 ἰδίᾳ
1100 2858 1192 2939 pleb

31 2959 156 3027 γερουσία
174 2953 232 3034 ἰδίᾳ
254 2950 286 3014 δὲ
307 2957 331 3014 el
350 2957 443 3024 ἱππῆς
463 2957 498 3014 τό
520 2975 554 3020 τε,
576 2961 716 3026 πλῆθος.
731 3004 737 3016 .
751 3003 776 3018 ..
792 2955 958 3034 ἔπεμπον.”
994 2972 1030 3020 ld.
1048 2970 1098 3030 Lx,
1117 2971 1140 3030 7,
1158 2971 1191 3018 4:

34 3058 95 3126 ,τήν
128 3080 161 3118 τε
191 3065 344 3136 γερουσίαν
375 3057 455 3135 μετὰ
487 3067 547 3118 τῶν
577 3069 720 3136 γυναικῶν
750 3063 799 3124 καὶ
830 3061 898 3132 τοὺς
930 3061 1039 3132 ἱππέας
1070 3063 1127 3130 τὰς
1157 3080 1192 3120 τε

32 3155 113 3231 φυλὰς
134 3158 291 3216 εἱστίασε.”
312 3168 358 3230 (cs.
377 3172 387 3230 t
405 3169 436 3220 3:
458 3156 510 3223 ere
533 3177 567 3216 τε
578 3155 719 3229 βουλεῦον
730 3157 824 3220 καὶτὸ
835 3163 956 3219 imorem
967 3157 1015 3223 reni
1035 3156 1191 3235 disertos?

32 3262 84 3327 Ergo
109 3266 137 3321 αἱ
155 3264 240 3344 φυλαὶ
271 3268 326 3313 sunt
354 3261 512 3338 ὸὸμιλος,)
530 3265 650 3330 lamprid.
668 3267 735 3315 Alex.
754 3267 805 3316 Ser.
827 3267 864 3324 15,
886 3268 949 3324 l,2:
966 3268 1074 3333 ¹‚Deinde
1083 3270 1190 3316 senatum

32 3361 50 3404 et
64 3365 187 3421 equestrem
206 3360 313 3410 ordinem
331 3360 442 3425 purgauit
483 3360 546 3424 ipsas
563 3360 647 3408 deiude
669 3360 744 3408 tribus
762 3365 785 3408 et
802 3377 847 3419 eos,
865 3361 906 3425 qui
926 3361 1070 3410 militaribus
1079 3362 1194 3411 nituntur

32 3443 192 3506 praerogatiuis,
216 3442 351 3508 purgauit.”
386 3443 448 3492 Addi
469 3447 545 3506 potest
565 3442 618 3492 Tae.
636 3445 692 3491 Anu
718 3443 786 3502 XIII,
804 3443 852 3496 27:
872 3444 952 3509 „Hine
970 3445 1025 3506 (ie.
1043 3444 1192 3507 elibertinis)

32 3522 159 3589 plerumque
183 3527 268 3585 tribue,
294 3527 406 3583 deauriss,
432 3526 563 3574 ministeria
584 3526 761 3590 magistratibus
778 3533 801 3577 et
818 3527 983 3584 saeerdotibus,
1000 3528 1105 3577 oohortes
1122 3529 1193 3578 etium

33 3604 54 3652 in
70 3609 124 3656 urbe
138 3611 296 3674 oonseriptas;
315 3612 338 3658 et
355 3609 465 3674 plurimis
482 3610 598 3674 equiturn,
616 3610 734 3675 plerisque
751 3611 897 3661 senatoribus
911 3628 959 3660 uon
972 3611 1068 3660 aliunde
1077 3612 1192 3675 originem

32 3689 109 3738 trehi.’'
140 3693 170 3742 nt
192 3693 256 3752 XIV,
275 3693 322 3741 la:
341 3692 445 3757 „Obvius
462 3693 547 3750 tribus,
565 3694 623 3741 sesto
641 3692 707 3742 oultu
725 3693 857 3743 senstum.'’
891 3692 1193 3758 Suet.Ang.101tn'bus

32 3780 170 3835 opponuntur
182 3778 275 3841 populo
293 3776 338 3824 u..·
359 3775 471 3840 „Legavit
487 3775 575 3840 populo
594 3777 620 3824 R,
639 3778 839 3841 quadringenties,
855 3777 965 3826 tribubus
975 3777 1055 3825 trIoies
1064 3776 1192 3840 quinquies

34 3856 178 3908 sertertium.'’
215 3859 299 3908 Tribus
324 3859 364 3907 hio
389 3875 483 3923 quoque
505 3858 597 3923 plebem
623 3860 756 3924 significare
773 3859 922 3924 intellegitur
939 3877 951 3908 e
968 3859 1021 3908 Tae.
1039 3860 1103 3908 Anu.
1121 3859 1141 3917 1,
1160 3859 1192 3907 8:

35 3937 125 4002 „legata
147 3959 194 3992 non
221 3942 285 3992 ultra
311 3942 409 3991 civilem
427 3943 533 4000 modum,
551 3943 598 3990 nisi
615 3945 678 4007 qnod
696 3943 784 4007 populo
802 3948 825 3993 et
843 3943 907 4008 plebi
925 3942 1132 4008 quadridgentiens
1150 3943 1192 3990 tri·

34 4020 91 4068 ciens
116 4026 254 4090 quinquiens
274 4042 294 4074 e.
313 4042 335 4090 q.
356 4025 391 4074 s.''
427 4025 462 4074 De
482 4025 520 4074 his
538 4025 597 4074 loeis
615 4027 644 4074 ed
661 4027 864 4090 interpretandum
882 4025 1057 4076 difficilioribus
1074 4025 1151 4074 dinam
1166 4025 1193 4074 in

35 4105 130 4164 proximo
146 4111 226 4173 espIte.

65 4185 84 4245 ²)
117 4189 149 4240 ef.
166 4192 244 4241 Madv.
263 4192 325 4241 Veri.
346 4209 368 4240 u.
387 4193 462 4241 Verw.
480 4193 491 4240 l
509 4208 561 4257 pag.
580 4192 627 4240 loo
645 4209 692 4256 seq.
702 4212 709 4250 ;
728 4192 839 4243 Momms.
856 4193 911 4242 StR.
928 4193 967 4242 III
983 4209 1035 4258 pag,
1049 4195 1106 4244 445.

65 4268 83 4328 ³)
115 4273 229 4324 dormian.
261 4275 341 4332 XIIII,
369 4276 392 4334 6,
419 4276 452 4324 d:
489 4276 537 4340 „nt
562 4275 621 4324 olim
651 4276 706 4325 lieet
731 4275 817 4324 otiosae
833 4275 881 4325 sint
897 4276 973 4325 tribus
989 4281 1127 4343 musaeque
1141 4293 1194 4327 oen·

38 4352 106 4402 turine
128 4360 149 4406 et
172 4358 239 4408 nulle
265 4359 430 4423 suffragiorum
458 4359 585 4408 certamine
606 4363 641 4408 set
656 4358 802 4422 Pompiliani
821 4359 914 4409 redierit
931 4359 1042 4409 securitas
1059 4359 1196 4428 temporis.”

991 4453 1100 4556 ¹11
