3084 5128
603 589 668 657 227

54 771 160 836 strare.
197 767 223 855 1)
281 769 367 848 Quis
400 769 493 836 euim
530 807 574 820 -
607 773 648 835 ut
680 768 745 836 hoc
780 789 891 834 unum
925 767 1040 836 dicam
1072 805 1117 818 -
1148 788 1218 834 non

54 883 206 968 perspicit
229 883 416 967 gratuitam
439 883 641 950 balnearum
664 887 865 969 potestatem
890 881 1108 970 aliquantum
1121 881 1216 947 adiu·

54 1017 139 1062 vasse
174 995 221 1061 ad
255 1017 475 1063 communem
509 996 683 1064 salutem?
717 995 743 1081 ²)
790 995 874 1075 Quis
910 1017 979 1062 non
1006 993 1217 1080 intellegite

53 1111 226 1191 veteranis,
262 1111 291 1175 si
324 1116 473 1196 egerent,
510 1114 640 1196 quauta
661 1107 813 1196 pericula
835 1109 1056 1176 imminerent
1079 1109 1128 1175 rei
1153 1131 1215 1196 pu·

54 1221 181 1290 blieae?
229 1223 370 1290 Plebem
404 1223 447 1289 ad
482 1223 735 1289 humanitatem
768 1223 953 1289 informare
990 1221 1135 1310 pulchra
1157 1221 1217 1288 illa

55 1337 198 1422 quidem,
235 1344 271 1403 at
305 1338 425 1404 eadem
461 1341 661 1424 sumptuosa
687 1358 739 1403 res
763 1342 822 1403 est.
868 1337 991 1403 Nonne
1015 1336 1121 1423 igitur
1143 1335 1215 1402 lau·

54 1449 149 1516 dandi
189 1457 271 1517 sunt
301 1451 525 1538 imperatores
560 1450 622 1531 illi,
657 1451 719 1537 qui
753 1448 975 1536 philosophie,
1013 1449 1216 1531 rhetoribus,

54 1564 281 1647 grammaticis
314 1565 550 1632 immunitates
580 1563 813 1646 concedentes
837 1563 881 1630 ad
904 1569 976 1630 tam
1000 1562 1123 1631 utilem
1145 1585 1218 1631 rem

54 1699 82 1742 se
115 1678 366 1765 profitebantur
394 1678 593 1745 adiutores?
638 1677 830 1744 Rhetcrum
854 1683 889 1744 et
911 1677 1217 1763 grammaticorum

54 1812 125 1858 sene
160 1793 231 1859 fere
266 1792 456 1858 admodum
490 1791 613 1858 misera
647 1797 719 1858 erat
753 1791 900 1858 fortune.
936 1789 964 1877 ⁸)
1009 1791 1050 1857 Id
1074 1791 1216 1879 quidem

55 1903 251 1990 indignuml
300 1905 480 1993 Optimum
515 1910 641 1986 tamen,
678 1905 771 1993 quod
794 1926 847 1971 res
869 1904 1086 1972 scholasticas
1107 1905 1217 1992 publi·

55 2039 126 2084 cum
160 2019 340 2104 negotium
374 2041 444 2085 non
477 2040 547 2085 esse
578 2018 804 2105 aliquamdiu,
827 2018 935 2084 immo
958 2019 1078 2105 utique
1103 2040 1213 2106 usque

56 2131 92 2197 ad
124 2133 315 2199 secundum
348 2155 381 2220 p.
406 2132 486 2199 Chr.
511 2155 544 2199 n.
569 2131 754 2214 saeculum,
778 2131 980 2198 iudicabant
1004 2131 1163 2199 Romani.
1189 2134 1216 2217 ⁴)

56 2243 147 2322 Quod
183 2253 299 2312 autem
334 2246 377 2312 ad
414 2245 626 2313 medicorum
659 2245 895 2312 immunitates
929 2245 1127 2327 attinctus
1153 2247 1215 2314 has

57 2359 188 2442 quidem
210 2359 302 2427 leves
326 2359 469 2438 habebo,
496 2381 712 2447 quamquam
735 2360 822 2425 mihi
846 2359 987 2446 quidem
1011 2380 1082 2426 non
1098 2360 1214 2428 minus

57 2491 150 2554 grave
187 2473 322 2540 videtur
345 2481 424 2540 ante
448 2474 599 2540 edictum
624 2473 858 2541 Valentiniani
882 2473 964 2538 anni
987 2475 1051 2539 368
1076 2496 1108 2560 p.
1134 2474 1214 2542 Chr.

57 2604 85 2650 n.
107 2585 129 2668 ι)
174 2587 305 2653 Romae
333 2594 422 2654 certe
446 2587 583 2653 nullum
607 2587 790 2673 vestigium
814 2607 977 2673 apparere
991 2587 1214 2673 medicorum,

86 2830 103 2888 ¹)
135 2831 242 2881 Plurima
259 2848 301 2881 aua
317 2837 399 2897 sponte
415 2831 595 2896 intelleguntur.
612 2832 742 2893 (Ludorum
759 2831 892 2896 voluptates
910 2831 1022 2880 nonnihil
1040 2830 1118 2880 valere
1134 2832 1164 2881 ad
1174 2833 1214 2881 do·

58 2914 154 2962 nesticae
171 2914 344 2964 sollicitudines
361 2931 486 2980 parumper
502 2915 661 2964 discutiendas
678 2915 725 2964 iarn
743 2915 825 2963 monui
844 2931 888 2979 pag
906 2914 972 2975 198.)

85 2996 102 3054 ²)
134 2997 217 3046 Nescio
234 3001 312 3047 tamen
330 3015 360 3046 an
378 2999 434 3047 hace
446 2997 575 3047 liberalitas
587 2998 687 3062 privatis
698 2999 791 3062 saepiae
802 3013 873 3062 quam
886 2996 1024 3047 Caesaribus
1034 2996 1162 3046 deberetur.
1177 2997 1215 3048 ct

59 3079 122 3139 pertis
138 3081 218 3130 tertiae
235 3081 314 3146 Caput
329 3081 363 3129 11.

85 3159 103 3221 ³)
134 3163 167 3212 De
192 3164 312 3213 rhetorum
337 3169 361 3212 et
385 3164 592 3228 grammaticarum
616 3164 701 3228 iniqua
726 3163 858 3228 miseraque
883 3163 1020 3213 condicione
1045 3163 1109 3228 legas
1125 3163 1214 3214 Friedl.

58 3259 76 3290 ο.
99 3243 114 3293 l.
139 3246 162 3295 1⁶
185 3263 238 3312 pag.
265 3247 312 3296 315
335 3263 399 3312 seqq.
425 3251 448 3296 et·
473 3249 607 3296 conferatur
632 3246 752 3296 Iuvenalis
770 3247 902 3311 praeclarus
919 3246 962 3295 ille
979 3245 1045 3296 locus
1062 3263 1143 3296 eorum
1160 3263 1215 3297 cum

59 3325 150 3378 laborem
173 3331 282 3379 omniurn
310 3331 504 3380 molestissimum
528 3335 578 3381 tum
596 3331 738 3380 vilissimam
757 3331 887 3379 mercedem
905 3331 993 3396 optime
1009 3331 1134 3380 illustrans
1150 3332 1214 3393 (Iun.

59 3409 231 3478 t,150s0qq.).
249 3414 329 3475 (Ovid.
346 3415 409 3463 Faet.
427 3415 471 3472 111,
491 3415 555 3462 829:
576 3413 640 3478 ,Nec
657 3429 706 3471 vos,
724 3414 794 3462 turba
812 3415 1213 3478 sarecensulrandata‚me.gietri.'')

87 3495 104 3550 ⁴)
134 3495 216 3545 Friedl.
245 3495 262 3545 l.
281 3496 297 3544 l.
324 3513 375 3560 pag.
394 3497 458 3545 ele:
478 3497 540 3560 „Der
557 3496 697 3545 Unterricht
713 3497 793 3545 warde
810 3497 844 3544 im
862 3497 956 3560 Anlnng
973 3497 1013 3545 der
1030 3497 1158 3545 Kaisereeit
1174 3513 1215 3560 gar

59 3574 123 3635 nicht,
139 3578 169 3627 im
188 3579 211 3628 2.
237 3579 398 3628 Jahrhundert
417 3596 461 3628 nur
478 3580 503 3628 in
522 3579 575 3628 sehr
593 3579 769 3628 beschriinlrtem
787 3581 903 3643 Umlange
920 3581 956 3629 als
973 3580 1157 3643 Angelegenheit
1174 3582 1214 3628 des

60 3655 136 3708 Sintes
155 3661 283 3711 betmchtet
309 3663 357 3710 und
374 3663 434 3711 euch
451 3662 487 3712 als
504 3663 823 3726 Cornmuualangelegenheit
839 3662 884 3711 nol
903 3668 950 3711 eret
966 3662 992 3711 iu
1010 3662 1086 3711 dieser
1101 3663 1152 3710 Zeit
1169 3662 1213 3710 all·

60 3742 140 3800 geneiu
155 3745 310 3794 anerkannt.''

89 3823 105 3884 ι)
135 3827 167 3876 De
183 3845 246 3878 anno
262 3828 334 3878 huius
351 3829 421 3878 edicti
438 3830 468 3878 cl.
486 3829 563 3893 Marq.
581 3828 693 3878 Privatl.¹
710 3846 761 3895 pag.
780 3829 828 3883 tte
843 3829 896 3878 adn.
915 3829 938 3877 2.
973 3827 1052 3876 Edisti
1070 3827 1140 3876 verbu
1156 3828 1213 3877 haec

62 3911 109 3954 eunt
131 3910 194 3971 (Ccd.
219 3913 308 3961 Theod.
335 3912 403 3971 XllI,
421 3912 444 3971 l,
462 3913 502 3972 8):
524 3913 648 3977 „Exceptis
665 3913 769 3976 porticus
788 3912 856 3976 Xysti
875 3912 1043 3974 virginumque
1059 3910 1213 3970 vernalium,

61 3992 110 4048 quot
130 3995 232 4058 regiones
258 3995 323 4044 urbis
349 4000 412 4054 sunt,
438 3996 535 4044 totidem
553 3997 726 4044 constituantur
743 3995 860 4044 archiatri.
896 3994 945 4058 Qui
962 3993 1068 4051 scientes,
1086 3995 1214 4043 annonaria

63 4069 101 4118 eibi
123 4079 239 4128 commoda
263 4094 278 4127 a
302 4079 384 4143 populi
411 4063 540 4128 commodis
569 4079 709 4137 ministrari,
727 4079 824 4127 honeste
840 4077 936 4140 obsequi
954 4077 1102 4126 tenuioribus
1119 4077 1213 4135 malint,

62 4167 121 4214 quem
142 4161 239 4226 turpiter
264 4177 356 4210 servare
372 4161 495 4211 divitibus.
521 4165 538 4222 t.
564 4162 585 4210 1.
621 4161 686 4226 Quos
703 4161 774 4210 etiem
791 4177 817 4208 ea
835 4161 939 4224 patimur
955 4160 1065 4224 accipere,
1087 4177 1146 4225 quae
1162 4161 1212 4209 seni

63 4237 148 4290 olerent
170 4260 212 4308 pro
229 4244 357 4309 obsequiis,
375 4262 422 4294 non
440 4261 473 4304 ea,
491 4261 550 4309 quae
568 4244 727 4309 periclitantes
745 4259 788 4308 pro
806 4243 882 4292 salute
899 4243 1066 4308 promittunt.’'
1093 4243 1213 4307 (Porticus

64 4315 123 4381 llllt'
143 4331 177 4377 set
200 4328 334 4378 coniectura
353 4329 498 4378 Gotholredi.
532 4329 599 4377 Libri
617 4343 690 4376 mse:
705 4330 790 4391 portua
806 4326 881 4391 Syeti.
918 4326 1064 4377 Vocabulum
1081 4327 1213 4377 minbtran'
