3122 5130
862 553 903 616 32

294 728 367 814 guli
401 729 608 816 Marcipores
643 729 870 815 Lueiporesve
905 730 1125 797 dominorum
1156 733 1300 818 gentiles
1324 755 1480 800 omnem

293 843 425 909 vietum
459 843 496 907 in
519 843 711 929 promiscuo
744 841 926 924 habebant,
962 866 1025 910 nec
1049 844 1120 910 ulla
1143 846 1237 912 domi
1263 868 1283 911 a
1305 847 1480 912 domesti-

294 956 341 1021 cis
363 955 516 1022 oustodia
540 977 625 1042 opus
648 956 751 1021 erat.''
778 953 802 1042 1)
826 955 947 1043 Itaque
972 956 1052 1023 licet
1070 980 1189 1024 revera
1200 966 1354 1046 tempore
1368 982 1476 1046 prae-

294 1069 411 1134 sertim
431 1055 647 1154 'procedente
679 1068 816 1155 opifices
839 1070 875 1133 in
899 1071 1034 1136 sordida
1057 1079 1128 1137 arte
1152 1075 1279 1139 versari
1303 1080 1475 1160 putaren—

294 1189 350 1248 tur
373 1181 409 1269 5ἐ),
430 1189 546 1248 tamen
565 1183 626 1249 vix
649 1181 733 1248 fides
756 1181 876 1247 haberi
896 1190 1006 1269 potest
1029 1185 1193 1270 Dionysio
1217 1187 1373 1252 narranti
1403 1188 1473 1252 diu

294 1296 386 1382 apud
409 1296 583 1362 Romanos
605 1295 741 1360 nullum
764 1295 964 1380 indigenam
984 1298 1150 1364 factitasse
1174 1299 1249 1364 illas
1272 1307 1471 1386 artesquao

294 1431 400 1475 manu
444 1415 646 1476 constarent.
687 1409 768 1475 Loci
807 1410 963 1496 Dionysii
1002 1411 1039 1475 hi
1078 1419 1172 1477 sunt:
1237 1413 1281 1486 att
1295 1411 1471 1488 Ῥωμύλος)

293 1519 461 1602 ἐπιδιφρίους
491 1517 547 1598 μὲν
573 1522 621 1585 καὶ
651 1519 818 1595 βαναύσους
839 1523 887 1584 καὶ
906 1523 1126 1599 προσαγωγούς
1147 1524 1309 1602 ἐπιθυμιῶν
1329 1525 1471 1605 αἰσχρῶν

294 1626 417 1706 τέχνας,
449 1625 487 1696 ὡς
518 1625 711 1706 ἀφανιζούσας
741 1626 789 1688 καὶ
820 1628 1033 1703 λυμαινομένας
1064 1631 1104 1689 τά
1125 1649 1159 1689 τε
1179 1631 1309 1706 σώματα
1330 1629 1378 1691 καὶ
1400 1631 1466 1700 τὰς

293 1730 388 1812 ψυχὰς
417 1738 476 1790 τῶν
500 1731 796 1811 μεταχειριζομένων,
819 1730 931 1801 δούλοις
946 1733 996 1794 καὶ
1015 1732 1104 1812 ξένοις
1124 1732 1257 1796 ἀπέδωκε
1278 1733 1469 1810 μεθοδεύειν·

292 1837 341 1899 καὶ
370 1835 508 1914 διέμεινεν
538 1833 589 1905 ἐ’ως
618 1840 734 1896 πολλοῦ
767 1837 872 1915 χρόνου
902 1836 937 1896 δι’
960 1838 1102 1916 αἰσχύνης
1133 1838 1206 1899 ὄντα
1237 1837 1389 1915 Ῥωμαίοις
1422 1840 1467 1900 τὰ

292 1947 413 2002 τοιαῦτα
434 1939 509 2017 ἔργα
529 1939 578 2004 καὶ
598 1941 647 2000 ὐπ’
669 1935 779 2010 ούδενός
799 1948 859 2000 τῶν
879 1939 1042 2016 αύθιγενών
1063 1939 1318 2019 ἐπιτηδευόμενα.”
1332 1942 1357 2030 3)
1370 1983 1415 1992 -
1430 1952 1468 2010 et

294 2052 400 2123 ηούδενὶ
437 2052 499 2129 γὰρ
530 2050 596 2133 ἐξῆν
630 2051 780 2129 Ῥωμαίων
811 2053 877 2113 ούτε
907 2055 1044 2124 κάπηλον
1075 2054 1140 2115 οὔτε
1173 2056 1363 2135 χειροτέχνην
1392 2055 1465 2128 βίον

292 2161 397 2240 ἐ’χειν.”
414 2159 439 2246 4)
464 2160 624 2226 Ceterum
646 2160 717 2245 ipse
741 2181 858 2224 secum
870 2181 1023 2245 pugnare
1037 2160 1182 2242 videtur,
1200 2163 1364 2247 quoniam
1377 2161 1462 2226 alibi

292 2273 374 2338 dicit
408 2272 452 2359 ⁵):
492 2271 591 2359 ,(τους
621 2271 808 2359 δημοτικούς)
829 2281 970 2347 γεωργεῖν
991 2269 1023 2332 δέ
1043 2273 1091 2336 καὶ
1111 2283 1314 2353 κτηνοτροφεῖν
1335 2273 1462 2344 καὶτὰς

291 2383 532 2466 χρηματοποιοὺς
551 2380 738 2460 ἐργάζεσθαι
759 2384 897 2464 τέχνας.”
934 2384 959 2470 ⁶)
995 2386 1130 2451 Revera
1176 2407 1221 2450 ex
1255 2387 1462 2451 testimoniis

291 2499 436 2564 aliorum
461 2499 674 2586 scriptorum,
698 2498 883 2579 Plutarchi,
907 2499 1019 2579 Plinii,
1045 2499 1146 2578 Flori‚
1173 2499 1339 2564 efficimus
1364 2501 1461 2584 inge-

291 2634 376 2678 nuos
400 2635 417 2678 a
443 2602 567 2678 talibus
590 2613 749 2699 operibus
773 2635 843 2678 non
867 2633 1004 2698 prorsus
1026 2612 1250 2678 abhorruisse.

334 2726 434 2804 Quod
457 2726 501 2791 ad
524 2725 671 2808 ollentes‚
696 2748 799 2812 supra
820 2726 890 2790 iarn
914 2726 1063 2792 vidimus
1086 2727 1148 2791 hos
1171 2749 1190 2790 a
1214 2727 1365 2812 patronis
1388 2728 1460 2791 suis

292 2861 390 2925 agros
413 2840 573 2906 colendos
596 2841 773 2927 accepisse,
798 2840 860 2905 etsi
883 2840 993 2904 conici
1006 2839 1085 2904 licet
1096 2839 1171 2905 illos
1184 2848 1318 2926 partem
1335 2839 1459 2905 saltem

290 2976 333 3020 ex
356 2961 525 3040 proventu
549 2952 696 3019 dominis
719 2975 880 3038 agrorum
903 2953 1097 3018 reddidisse.
1121 2954 1232 3038 Reges
1245 2961 1371 3033 autem,
1385 2953 1457 3020 sivo

291 3068 371 3154 qula
395 3069 504 3154 magis
528 3089 633 3154 quam
656 3073 732 3153 post
751 3089 807 3132 eos
830 3065 984 3131 consules
1007 3066 1173 3132 arbitratu
1197 3089 1257 3132 suo
1281 3066 1456 3148 vivebant,

290 3181 363 3247 sive
391 3187 429 3246 ut
452 3180 478 3267 ⁷)
512 3181 734 3269 patriciorum
757 3182 880 3246 nimias
904 3203 984 3267 opes
1008 3182 1213 3265 frangerent,
1237 3179 1346 3267 plebis
1370 3180 1458 3245 salu-

289 3302 360 3361 tem
385 3315 455 3360 non
478 3295 667 3380 neglexisse
693 3293 719 3382 8)
743 3317 785 3360 ex
808 3295 925 3359 multis
948 3293 1048 3359 rebus
1071 3300 1173 3380 patet.
1210 3295 1350 3359 Praeter
1372 3301 1460 3360 cete·

297 3438 489 3448 ..ι-ιι-

322 3494 341 3555 Ι)
360 3493 425 3543 Plin.
444 3494 475 3543 N.
494 3495 525 3543 H.
544 3495 656 3552 XXXIII,
674 3495 697 3553 I,
716 3495 754 3544 26.

320 3576 339 3638 ²)
357 3577 392 3626 De
409 3577 452 3626 hae
469 3593 493 3626 re
510 3577 578 3626 infra.

319 3659 488 3721 ³)11,2a,1.

320 3743 339 3803 ⁴)
357 3743 399 3804 IX,
418 3743 457 3802 25,
475 3744 497 3792 2.

323 3826 340 3886 ι)
358 3825 395 3876 cf.
413 3826 539 3876 Liebenam
557 3825 573 3876 l.
592 3827 609 3876 l.
627 3843 678 3892 pag.
697 3827 712 3875 9
722 3848 728 3884 ;
746 3826 864 3891 Waltzing
881 3827 898 3876 l.
916 3824 932 3875 l.
952 3841 1004 3891 pag.
1023 3827 1062 3876 67.

319 3909 329 3943 ⁶
357 3909 471 3968 11,9,1.

325 3917 345 4064 7)
367 4002 405 4050 Sic
430 4002 532 4066 legimus
558 4003 585 4052 de
614 4003 693 4052 Servio
719 4001 800 4051 Tullio
826 4002 905 4063 (Dion.
931 4001 971 4058 lV,
999 4001 1021 4058 8,
1048 4001 1086 4058 3):
1120 3993 1184 4064 ,ἐπὶ
1206 3990 1241 4052 τὸ
1261 3992 1459 4067 δημαγωγεῖν

294 4099 343 4162 καὶ
363 4100 537 4174 θεραπεύειν
556 4097 624 4168 τούς
644 4096 769 4172 ἀπύρους
780 4102 839 4156 τῶν
849 4099 981 4155 πολιτῶν
992 4090 1145 4169 ἐτρέπετο,
1159 4091 1198 4150 δι’
1210 4087 1320 4151 ἐκείνων
1330 4084 1462 4158 ἐλπίσας

293 4193 348 4260 τὴν
367 4193 464 4274 ἀρχὴν
482 4193 648 4274 ναθέξειν,”

323 4291 342 4356 8)
362 4291 400 4341 of.
420 4291 532 4356 Sehwcgl.
551 4292 579 4340 R.
598 4292 626 4340 G.
645 4291 656 4338 l
673 4306 725 4354 pag.
737 4290 783 4342 783
802 4305 862 4352 seq.;
877 4288 902 4336 II
910 4303 961 4352 pag.
972 4287 1033 4344 2043
1043 4287 1154 4334 Momms.
1164 4287 1191 4334 R.
1202 4285 1230 4332 G.
1241 4282 1263 4330 1⁸
1272 4298 1323 4346 pag.
1334 4281 1391 4338 253,
1403 4282 1462 4331 260.
