3040 5134
585 649 649 716 167

73 827 113 891 Iu
136 848 230 894 nona
252 827 390 914 regione
415 827 588 914 quoddam
612 833 685 894 erat
709 827 916 910 aedificium,
940 849 960 894 a
984 828 1032 894 M.
1046 825 1199 893 Minucio

36 938 118 1005 Rufo
152 940 383 1022 aedificatum,
410 939 434 1027 ¹)
465 941 624 1028 porticus,
649 941 705 1007 cui
729 961 856 1007 nomen
882 941 1045 1022 Minucia,
1070 939 1200 1006 habens

36 1053 112 1117 ostia
146 1054 377 1140 quadraginta
400 1055 563 1142 quinque.
589 1053 615 1139 ⁹)
661 1055 762 1120 Hane
785 1055 958 1141 porticum
981 1055 1025 1120 ad
1049 1055 1198 1120 frumen-

37 1166 171 1232 tationes
204 1167 406 1254 pertinuisse
430 1173 580 1249 constat;
606 1166 632 1254 ³)
656 1188 724 1255 quo
749 1167 850 1234 modo
875 1173 990 1234 tamen
1016 1168 1199 1234 incertum.

38 1279 84 1343 Ad
111 1301 235 1346 verum
258 1281 413 1367 proxime
437 1281 596 1348 accedere
620 1281 707 1346 mihi
731 1281 868 1349 videtur
895 1281 930 1346 in
955 1280 1015 1347 illa
1038 1302 1108 1348 non
1132 1282 1200 1347 fru-

38 1400 185 1459 mentum
215 1395 332 1481 ipsum
354 1395 455 1463 fuisse
479 1394 701 1461 distributum
725 1395 777 1479 (ut
800 1394 959 1462 nonnulli
983 1395 1148 1482 sumunt),
1173 1395 1200 1483 4)

38 1506 87 1571 sed
109 1513 219 1573 certas
246 1507 414 1594 quasdam
437 1515 586 1590 tesserae,
612 1529 699 1596 quae
724 1515 929 1575 vocarentur
943 1509 1201 1576 frumentariae.

38 1619 78 1684 Ut
99 1621 192 1686 enim
216 1621 301 1686 fides
324 1628 410 1688 esset
431 1622 483 1703 iis,
497 1622 557 1708 qui
573 1622 736 1688 frumeuti
754 1622 943 1709 accipiendi
955 1622 1008 1688 ius
1022 1622 1198 1700 baberent,

38 1733 227 1800 nominibus
250 1735 286 1800 in
310 1734 444 1801 tabulas
466 1734 642 1801 relatis-
662 1735 753 1801 unde
772 1736 868 1802 incisi
887 1735 969 1802 dieti
989 1742 1069 1802 sunt
1090 1736 1200 1802 -iis-

39 1844 108 1910 dem
130 1853 273 1913 tesseras
289 1847 365 1914 illas
377 1849 478 1914 fuisse
492 1849 596 1930 datae,
611 1848 736 1936 quibus
749 1848 912 1914 exhibitis
925 1855 1040 1915 ratum
1053 1850 1198 1936 quisque

39 1959 191 2026 frumenti
218 1961 359 2026 modum
383 1983 401 2028 e
425 1960 570 2048 publicis
595 1962 723 2028 horreis
747 1963 919 2049 reciperet.
943 1958 968 2048 ⁸)
1013 1963 1199 2042 Quaeritur

39 2079 144 2138 utrum
179 2077 284 2140 semel
311 2081 446 2141 tantum
469 2076 507 2141 in
529 2097 668 2142 omnem
692 2076 800 2142 vitam
823 2097 867 2142 an
891 2075 1106 2161 singularum
1128 2077 1197 2142 fru-

40 2188 282 2254 mentationum
305 2189 459 2274 singulae
483 2195 625 2256 tesserae
649 2189 942 2256 distribuerentur.
990 2189 1197 2273 Hirschfeld,

41 2319 132 2384 quem
167 2302 371 2388 Marquardt
401 2303 564 2390 sequitur,
589 2303 684 2390 prius
706 2302 792 2369 illud
816 2302 1000 2370 contendit.
1025 2302 1052 2389 ⁸)
1097 2304 1199 2383 Quod

41 2413 91 2495 qui
123 2413 197 2480 fieri
222 2415 370 2501 potuerit
393 2417 554 2503 equidem
578 2437 647 2482 non
670 2415 842 2501 intellego,
867 2437 947 2482 cum
969 2417 1006 2482 in
1029 2417 1111 2504 ipsis
1135 2424 1199 2484 tes·

41 2527 110 2592 seris
144 2528 217 2594 dies
251 2535 285 2595 et
319 2531 445 2596 ostium
475 2531 563 2596 adici
597 2529 753 2597 solerent.
800 2530 892 2610 Quid
927 2530 1020 2617 quod
1054 2537 1198 2598 tesserae

41 2637 203 2707 interdum
227 2641 392 2710 venibant
415 2643 441 2731 ⁷)
465 2644 653 2731 habuitque
677 2644 854 2729 Augustus
878 2643 1063 2731 aliquando
1080 2645 1200 2712 inani·

68 2783 87 2845 l)
117 2786 337 2848 Vell.Petero.II,
356 2790 420 2846 11.
456 2791 578 2839 Minuoius
596 2789 638 2839 ills
655 2789 737 2839 consul
754 2790 802 2839 fuit
819 2806 881 2839 anuo
898 2805 919 2839 s.
937 2806 960 2838 u.
979 2807 999 2839 1.
1026 2789 1076 2838 644
1092 2794 1122 2853 (a.
1141 2791 1198 2841 Chr.

42 2883 61 2916 n.
76 2869 138 2921 1111.

67 2955 86 3012 ²)
117 2874 217 3018 i’roprie
233 2956 338 3005 eiusdem
355 2957 459 3006 nominis
478 2957 537 3006 duae
553 2961 620 3006 erent
636 2957 748 3021 porticus,
765 2956 930 3015 alteraretur,
947 2956 1020 3006 altera
1024 2956 1198 3021 frumentaria.

42 3033 111 3084 Priore
127 3038 241 3087 videlieet
256 3039 319 3088 nihil
336 3040 380 3088 hoc
397 3039 448 3089 loco
465 3040 563 3090 utimur.
581 3041 616 3088 De
633 3041 725 3105 porticu
743 3039 851 3089 Minucia
869 3040 923 3089 vida
941 3039 1039 3104 Kiepert
1053 3044 1077 3088 11
1086 3039 1199 3098 Huclsen,

42 3116 127 3168 Formae
152 3121 205 3170 urb.
231 3123 319 3171 1111111
344 3124 427 3188 antiq,
452 3123 530 3173 Berol.
557 3123 629 3181 1896,
653 3128 676 3171 et
693 3123 790 3180 Preller‚
809 3123 854 3171 Die
871 3123 990 3186 Regionsn
1007 3124 1030 3173 d.
1048 3123 1113 3172 saut
1131 3123 1200 3183 Rom,

43 3215 85 3262 pag.
103 3203 158 3252 168.

68 3283 86 3343 ³)
117 3287 153 3336 cf.
171 3288 301 3353 Cbmuogr.
319 3306 339 3338 1.
358 3289 407 3338 ³54
423 3290 575 3352 (Mommsen,
593 3291 618 3338 in
631 3290 693 3338 Abh.
703 3291 725 3338 d.
735 3289 889 3353 philol-hist.
900 3289 980 3338 Classe
988 3292 1011 3339 d.
1020 3289 1110 3354 kb'uigl.
1120 3291 1199 3340 811111.

43 3365 158 3419 Gesellseh.
175 3371 197 3420 d.
215 3371 367 3430 Wissensob,
384 3373 397 3420 Ι
414 3389 466 3437 pag.
485 3373 550 3433 645),
569 3373 694 3437 Apuleius,
712 3373 747 3421 De
764 3373 857 3422 Mundo
873 3374 912 3432 st,
925 3373 1103 3437 compluresque
1115 3374 1199 3423 inseri·

42 3449 123 3510 ptiones
139 3455 200 3518 apud
217 3455 323 3504 Hirschf.
341 3454 368 3504 V.
387 3456 415 3505 G.
433 3456 445 3504 Ι
463 3473 514 3521 psg.
534 3457 581 3506 134
599 3458 653 3506 adu.
671 3459 687 3505 4
703 3460 726 3504 et
744 3457 820 3522 Marq.
838 3456 855 3506 l.
873 3456 890 3505 l.
908 3473 960 3521 pag.
980 3457 1027 3506 129
1045 3457 1099 3506 adn.
1116 3457 1140 3506 3.

68 3534 85 3590 ⁴]
118 3537 186 3601 Quod
211 3553 296 3603 parum
320 3540 369 3587 veri
387 3540 466 3589 simile
483 3541 582 3598 videtur,
600 3557 653 3589 curn
671 3541 785 3589 frumeuti
803 3556 917 3590 numerus
935 3541 1008 3588 nimis
1025 3556 1124 3604 maguus
1141 3546 1200 3590 esset

42 3614 114 3675 (decies
132 3621 236 3670 modium
254 3638 347 3686 quoque
364 3625 461 3683 mense),
478 3640 550 3687 quarn
569 3628 595 3672 ut
612 3624 638 3672 in
656 3623 747 3688 porticu
765 3624 873 3673 conditus
891 3640 917 3672 so
926 3622 1068 3672 distributus
1076 3639 1125 3671 esse
1133 3625 1198 3672 credi

42 3701 113 3759 possit.

71 3784 86 3842 ι)
117 3786 148 3834 ut
173 3789 200 3837 de
224 3789 318 3838 tesseris
341 3795 364 3839 11
381 3791 409 3838 (11
426 3790 515 3839 tabulis
532 3791 584 3839 illis
600 3794 623 3840 et
640 3791 669 3839 de
681 3791 809 3856 frumento
819 3791 919 3854 publico
936 3790 1019 3837 11111111
1036 3789 1061 3837 in
1079 3789 1198 3852 prioribus

44 3868 123 3929 saepius
148 3869 194 3919 iarn
219 3873 363 3922 mentionem
390 3874 442 3923 1111.
477 3874 555 3922 lltiam
574 3874 622 3923 sola
643 3874 713 3923 verbs
722 3875 849 3938 frumento
862 3872 958 3937 publico
975 3872 1001 3919 in
1018 3871 1097 3919 titulis
1115 3871 1197 3936 legan-

44 3949 77 3994 llr
98 3953 133 4010 (ci.
160 3969 209 4018 pag.
236 3955 284 4004 lte
309 3957 364 4005 adn.
390 3957 414 4014 1,
441 3956 489 4005 lto
511 3957 564 4005 adu.
592 3957 624 4017 2),
650 3973 709 4020 quae
734 3957 850 4020 quomodo
876 3956 925 4004 sint
943 3955 1117 4018 interpretenda
1135 3955 1197 4003 milri

45 4031 126 4091 quidem
151 4051 197 4086 uon
222 4043 320 4088 constat.
356 4038 454 4089 Videtur
479 4055 528 4088 esse
552 4044 593 4088 sut
618 4040 735 4088 ablativus
761 4039 884 4104 qualitatis
909 4039 958 4102 (qui
986 4038 1091 4097 dieitur),
1118 4038 1151 4086 ite
1172 4042 1198 4087 ut

44 4118 168 4177 respondeat
184 4122 280 4184 collegio
298 4121 426 4180 tibicinum,
443 4123 549 4186 conlegio
566 4123 721 4179 aeriatorum,
738 4120 1196 4178 1111111111,11111111111111111111.

73 4196 90 4255 ‘t
123 4201 223 4253 Hirschf.
246 4205 272 4253 in
293 4205 382 4254 Philol.
401 4205 417 4253 1.
435 4205 453 4254 l.
472 4222 522 4270 psg.
543 4206 588 4262 lt;
608 4206 685 4270 Marq.
702 4205 719 4253 l.
738 4205 754 4253 l.
772 4221 824 4269 pag.
846 4205 900 4254 128.
937 4204 1086 4253 Adulteram
1104 4209 1197 4253 senteu-

46 4281 93 4332 tiam
113 4286 208 4336 inclinat
224 4287 334 4337 Ksrlowa
351 4289 418 4337 Rem.
437 4288 598 4352 Rechtsgesoh.
616 4288 642 4336 Il
659 4305 711 4353 pag.
730 4288 787 4338 840.

76 4365 93 4430 ⁷)
124 4369 161 4419 Cf.
179 4386 228 4437 pag.
247 4372 303 4425 157.
339 4370 387 4437 Qui
405 4375 504 4422 sumunt
520 4375 617 4420 tesseras
633 4370 704 4420 semel
721 4375 814 4420 tanturn
831 4371 857 4419 in
874 4386 967 4419 omnem
982 4370 1196 4420 vitamfaisesdis·
