3122 5130
674 589 695 652 5

89 765 297 852 coepissent,
333 765 397 830 hoo
431 765 495 831 iter
530 766 729 832 continuare
765 765 873 831 coacti
901 769 1007 830 erant.
1055 765 1103 831 Ut
1126 765 1266 831 ineunte

89 879 161 944 hoc
197 876 333 942 saeculo
356 877 393 942 in
416 873 533 944 Gallia
554 877 764 965 perturbatio
789 878 945 944 omnium
969 899 1085 943 rerum
1108 876 1188 943 tulit
1210 877 1268 944 do-

90 992 271 1056 minatum
293 991 510 1077 Napoleonis,
531 993 579 1057 ita
602 993 732 1058 Romae
757 990 942 1057 domestica
965 989 1055 1056 bella
1081 991 1175 1084 imno
1199 991 1268 1056 exi-

93 1112 176 1169 tum
210 1102 416 1186 habuerunt,
451 1112 490 1170 ut
512 1106 549 1172 in
572 1106 708 1173 civitate
731 1126 866 1171 summa
890 1104 1046 1171 omnium
1068 1126 1184 1170 rerum
1206 1104 1268 1169 uni

94 1217 297 1283 deferretur.
345 1217 392 1282 At
429 1218 587 1284 Caesares
620 1219 679 1306 qui
711 1219 828 1284 omnia
859 1217 1034 1302 dignitatis
1056 1217 1269 1283 incrementa

95 1329 230 1418 populi,
254 1331 275 1396 i.
300 1353 328 1397 e.
352 1331 503 1397 urbanae
516 1331 644 1422 plebis,
669 1331 808 1398 arbitrio
832 1329 1012 1411 debebant,
1037 1331 1081 1396 ad
1103 1329 1269 1396 illiusnu-

95 1451 178 1510 tum
212 1451 246 1510 et
272 1443 486 1511 voluntatem
517 1451 604 1512 totos
639 1467 672 1511 se
710 1451 907 1511 convertere
930 1465 1065 1510 neeesse
1089 1450 1170 1510 erat.
1216 1445 1268 1510 Ne

95 1556 291 1623 tumultum
314 1558 455 1624 iniceret
474 1558 613 1640 civitati,
635 1580 705 1624 non
717 1556 828 1624 solum
840 1559 1054 1624 frumentum
1070 1556 1268 1625 distribuere

97 1669 299 1758 pergebant,
323 1672 383 1737 sed
405 1672 501 1737 varia
523 1673 696 1757 congiaria
718 1670 899 1752 addebant,
923 1677 962 1736 ut
984 1671 1066 1752 vini,
1092 1671 1178 1752 salis,
1193 1671 1267 1752 olei,

97 1785 223 1865 carnis,
247 1785 453 1866 tunicarum,
472 1787 670 1866 orariorum,
685 1791 720 1851 at
731 1785 881 1850 maxime
895 1785 1080 1870 praesentis
1092 1784 1267 1870 pecuniae.

96 1900 182 1964 Non
212 1919 345 1984 semper
367 1899 465 1964 facile
489 1905 539 1964 est
563 1899 606 1964 ad
630 1898 891 1964 diiudicandum
914 1904 1032 1963 utrum
1056 1897 1140 1963 haec
1162 1898 1269 1984 impe·

97 2018 255 2078 ratorum
278 2013 514 2078 munificentia
536 2013 670 2100 privata
694 2035 738 2078 an
761 2011 899 2098 publica
922 2010 1079 2077 ducenda
1099 2011 1150 2078 sit.
1179 2010 1269 2076 Iuris

95 2125 245 2191 consulti
281 2125 440 2212 quidem:
479 2148 551 2207 ,res
582 2125 713 2202 fiscales
738 2125 837 2213 quasi
872 2125 1028 2212 propriae
1060 2130 1093 2190 et
1115 2124 1268 2211 privatae

97 2239 265 2326 principis
288 2241 397 2304 sunt.''
433 2239 456 2326 ¹)
480 2240 527 2310 At
550 2262 593 2305 ex
616 2241 697 2307 fisco
716 2260 787 2306 non
811 2239 925 2304 minus
950 2259 1055 2325 quam
1072 2259 1116 2304 ex
1139 2237 1268 2303 aerario

96 2353 275 2438 impensae
299 2351 455 2439 publicae
478 2352 720 2420 tolerabantur.
767 2353 906 2419 Praeter
929 2351 1050 2418 fiscum
1073 2357 1189 2416 autem
1212 2373 1269 2417 ex·

97 2465 212 2531 stabat
245 2466 492 2552 patrimonium
526 2473 705 2554 ceteraque
737 2489 790 2532 res
808 2465 985 2532 familiaris
1008 2465 1169 2546 Caesaris,
1196 2464 1269 2552 qui-

97 2579 164 2644 bus
198 2579 369 2666 principes
404 2601 475 2645 non
508 2601 584 2646 raro
618 2579 802 2646 utebantur
825 2580 869 2645 ad
892 2579 1062 2645 aerarium
1077 2578 1269 2646 iuvandum

97 2692 156 2759 vel
180 2692 224 2758 ad
247 2692 337 2758 dona
360 2693 473 2758 danda
497 2693 633 2782 populo.

144 2805 225 2871 Non
252 2804 362 2871 solum
385 2807 552 2888 Caesarea,
577 2827 699 2873 verum
722 2807 826 2872 etiam
849 2806 952 2873 ceteri
975 2805 1194 2890 magistratus
1210 2826 1269 2892 po-

100 2918 175 3005 puli
198 2919 388 2984 rationibus
410 2918 613 2988 serviebant.
659 2921 713 2985 lta
736 2918 876 3007 quidem
901 2919 1016 2985 omnia
1039 2940 1136 2986 versa
1160 2925 1267 3000 erant,
1315 2968 1319 2976 .

103 3038 142 3096 ut
175 3030 285 3098 libera
311 3053 346 3098 11
375 3032 512 3119 publiea
535 3034 579 3099 ad
603 3033 708 3099 finem
732 3031 937 3120 properante
958 3032 1177 3118 magistratus
1201 3053 1271 3099 sae-

102 3155 293 3231 penumero
325 3167 368 3210 ex
391 3167 502 3212 errore
525 3147 703 3233 imperitae
729 3146 959 3212 multitudinis
975 3145 1172 3233 penderent,
1190 3146 1271 3212 an-

103 3280 220 3324 sarum
244 3265 362 3324 contra
385 3265 493 3326 aetate
518 3260 555 3325 in
578 3259 662 3326 urbe
684 3259 777 3345 leges
800 3258 949 3326 ambitus
971 3251 1148 3340 cessarent,
1170 3259 1271 3345 „quia

105 3371 148 3436 ad
181 3393 303 3444 euram
325 3372 488 3458 principis
512 3373 776 3458 magistratuum
799 3373 923 3439 creatio
947 3371 1175 3460 pertine(ba)t,
1200 3393 1272 3437 non

105 3486 149 3550 ad
171 3484 293 3572 populi
316 3486 499 3553 favorem.''
526 3485 551 3573 Ξ)
598 3486 645 3552 At
668 3487 728 3574 qui
751 3486 795 3552 ad
817 3508 944 3572 magna
964 3493 997 3552 et
1020 3486 1186 3552 honorata
1210 3486 1272 3550 mi-

105 3599 245 3664 nisteria
265 3598 407 3684 produci
430 3605 603 3686 cuperent,
628 3621 684 3666 eos
707 3622 777 3666 non
800 3601 914 3665 minus
939 3621 1043 3687 quam
1068 3605 1168 3664 antea
1190 3599 1272 3664 libe-

106 3712 249 3778 raIItatis
272 3712 402 3776 famam
424 3713 597 3798 collegisse
610 3712 795 3800 oportebat.
816 3712 842 3800 ⁸)
865 3715 978 3778 Immo
994 3734 1158 3799 procerae,
1172 3713 1200 3778 si
1212 3733 1273 3799 pro

108 3826 274 3912 dignitate
298 3825 414 3892 vivere
437 3826 629 3914 cupiebant,
654 3828 757 3894 variis
781 3827 890 3893 modis
913 3825 1081 3913 populum
1105 3825 1149 3890 ad
1172 3825 1273 3890 socie-

109 3925 214 4005 tatem
237 3939 408 4004 bonorum
431 3962 571 4006 suorum
592 3962 712 4007 vocare
737 3940 915 4007 debebant.
963 3940 1051 4004 (lum
1072 3945 1188 4004 autem
1201 3959 1275 4004 mu·

146 4132 162 4193 ¹)
187 4132 286 4198 Ulpien.
304 4133 359 4196 Dig.
378 4133 466 4191 XLIII,
485 4135 507 4190 8,
527 4135 549 4193 2,
567 4137 591 4184 4.

145 4216 164 4278 a,
182 4217 236 4281 Dig.
253 4216 363 4274 XLVIII,
383 4217 422 4296 Id,
442 4217 463 4264 l.

146 4298 165 4360 ⁸)
182 4300 217 4348 uf.
236 4299 379 4357 thlmann‚
397 4300 526 4350 llbervdllr.
544 4301 567 4350 d.
586 4301 660 4350 antik.
679 4299 832 4357 Grosssttdta
849 4315 900 4363 pag.
918 4301 958 4348 43.
