3084 5128
862 503 927 570 208

306 680 408 750 fuisse
442 681 571 750 dicunt.
619 679 674 748 Ab
707 680 775 748 illis
801 681 912 749 facere
935 680 1093 749 videtur:
1123 681 1159 747 1⁰
1185 680 1279 767 quod
1301 680 1338 746 in
1361 678 1463 747 inscri-

308 794 482 882 ptionibus
505 794 599 862 urbis
621 795 752 862 Romae
775 794 906 862 Latinis
928 794 1179 881 pertinentibus
1201 793 1245 861 ad
1268 793 1463 861 tribusetad

308 908 521 974 frumentum
551 907 730 996 publicum
754 914 1068 975 commemorantur
1090 908 1189 995 pueri
1212 906 1357 995 quidam
1379 907 1463 973 incisi

308 1013 481 1080 frumento
504 1013 642 1102 publico
667 1013 721 1082 vel
744 1013 866 1080 saltem
881 1013 966 1080 illud
987 1015 1201 1081 frumentum
1213 1010 1464 1101 accipientes;¹)

309 1148 432 1214 pueros
469 1133 595 1210 autem,
631 1126 756 1215 quibus
787 1127 955 1195 Traianus
989 1127 1153 1194 alimenta
1175 1126 1380 1215 praestabat,
1402 1125 1465 1192 illos
1525 1203 1526 1206 Ἴ

310 1261 447 1327 quoque
469 1239 576 1307 incidi
597 1240 740 1307 iusserat
762 1239 811 1326 ²);
836 1241 872 1306 2⁰
895 1241 987 1328 quod
1007 1279 1052 1291 —
1074 1247 1114 1308 ut
1136 1263 1240 1328 supra
1262 1240 1411 1308 vidimus
1430 1277 1465 1289 -

310 1353 507 1420 Antoninus
539 1353 622 1419 Pius
655 1353 787 1440 puellas
810 1353 1042 1421 alimentarias
1067 1355 1318 1439 Faustinianas,
1342 1355 1465 1420 Marcus

310 1466 472 1534 Aurelius
516 1488 623 1534 novas
669 1466 800 1554 puellas
846 1468 1087 1535 Faustinianas
1126 1468 1284 1550 instituit,
1318 1467 1464 1553 idemque

314 1598 458 1667 ,pueros
489 1585 524 1647 et
557 1580 688 1668 puellas
723 1601 893 1649 nouorum
928 1582 1111 1648 nominum
1137 1582 1381 1648 frumentariae
1404 1602 1465 1668 per·
1527 1573 1528 1596 ³

311 1692 460 1780 captioni
493 1693 639 1761 adscribi
673 1695 915 1792 praecep(it)”;
959 1695 1080 1763 itidem
1115 1695 1192 1763 talis
1214 1694 1333 1782 puella
1359 1694 1464 1775 ,divae

310 1808 494 1875 Faustinae
530 1808 705 1888 iunioris’',
729 1830 789 1875 sex
813 1831 922 1876 annos
940 1815 1030 1892 nata,
1056 1809 1093 1876 in
1117 1809 1225 1880 titulis
1247 1808 1316 1875 illis
1340 1808 1465 1875 urbanis

310 1921 361 2010 (o.
395 1922 423 1989 1.
458 1923 497 1988 2.
534 1922 593 2005 vr,
628 1923 737 1988 roma
761 1949 797 1983 =
821 1922 928 1990 oran
952 1924 1053 2009 3365)
1076 1923 1200 1990 uisere
1224 1923 1350 1989 eicitur
1371 1923 1465 1988 incisa

310 2035 412 2102 fuisse
427 2035 789 2126 frumentopub1100⁸)
802 2059 809 2118 ;
826 2037 862 2103 3ο
874 2037 910 2104 O.
923 2038 951 2104 1.
964 2037 1003 2103 L.
1016 2037 1060 2118 X,
1074 2037 1161 2103 5050
1175 2038 1224 2123 (--
1237 2035 1343 2103 Orelli
1356 2036 1464 2120 daca:
1530 2108 1531 2188 1

344 2249 364 2310 1)
397 2248 473 2298 Tituli
498 2249 611 2314 leguntur
635 2250 663 2300 0.
685 2251 705 2299 Ι.
731 2251 758 2300 L.
782 2251 823 2309 VI,
850 2251 932 2301 10220
957 2269 1021 2316 seqq.
1055 2250 1126 2300 Pueri
1144 2249 1184 2299 isti
1202 2253 1259 2300 sunt
1275 2249 1379 2314 dispares
1395 2250 1465 2302 aetate,

310 2334 337 2380 ut
352 2331 427 2390 trimi,
444 2332 572 2396 quadrimi,
590 2349 652 2382 anus
668 2334 739 2384 etiam
756 2334 850 2400 proprie
866 2334 1010 2399 puerilitatis
1027 2350 1102 2384 annos
1112 2348 1224 2398 egressus.
1259 2332 1394 2382 Narcissum
1402 2328 1464 2379 illum
1531 2330 1532 2414 q

309 2413 370 2474 dico,
387 2415 480 2480 dequo
497 2415 524 2465 0.
541 2416 562 2465 Ι.
575 2416 603 2466 L.
621 2416 662 2475 VI,
681 2416 762 2466 10220
779 2423 822 2481 (τ.
840 2417 917 2467 Orelli
936 2417 1026 2479 8859):

409 2497 542 2564 ,Quintum
559 2515 648 2550 annum
666 2503 690 2550 ct
706 2500 824 2551 decimum
842 2501 966 2552 Narcissus
982 2503 1038 2550 lions
1055 2502 1165 2550 inventas

408 2582 453 2631 hoc
469 2582 529 2633 iacet
544 2583 656 2648 abreptus
668 2585 776 2635 conditus
792 2585 819 2635 in
835 2585 955 2638 tumulo.''

308 2663 395 2714 Ultimi
414 2681 494 2715 versus
510 2669 581 2716 sant:

408 2749 472 2814 „Hic
489 2750 616 2816 septimum
633 2752 751 2802 decianam
769 2753 914 2802 frumentum
931 2752 1054 2818 publicum
1072 2751 1168 2817 accepit,

408 2835 499 2882 sextam
516 2833 634 2884 decimum
652 2872 659 2885 .
678 2875 683 2885 .
701 2872 708 2885 .
728 2873 734 2886 .
752 2835 879 2901 perdidit.”

309 2914 339 2964 19
365 2915 399 2965 in.
425 2915 547 2981 [lacunam
572 2916 641 2968 illam
663 2919 728 2979 dicit,
745 2923 855 2984 quattuor
875 2919 969 2986 punctis
987 2919 1127 2984 indicatam]
1145 2918 1249 2984 potuisse
1265 2933 1315 2967 esse
1332 2915 1395 2980 qaod
1408 2910 1468 2978 afuit

307 2998 345 3048 val
362 2999 441 3048 simile
458 2999 516 3064 quid
533 3001 627 3050 monuit
645 3001 787 3052 Mommsen.

306 3081 395 3132 Causas
411 3099 459 3132 222
476 3083 645 3147 perhibentem
664 3085 706 3134 has
723 3102 816 3150 quoquc
833 3086 937 3136 diversas
954 3085 1028 3136 inissa
1038 3086 1172 3136 credideris.
1187 3083 1319 3150 Duopnsri
1328 3090 1466 3132 aeneatorum

306 3163 405 3230 collegio
429 3165 578 3215 ascribuntur
602 3167 630 3217 0.
658 3168 679 3217 1.
704 3169 732 3218 L.
758 3168 800 3226 VI,
828 3168 910 3219 10220
935 3169 1056 3219 2110221
1075 3168 1282 3234 (loaaapartim,
1301 3166 1466 3216 1022112122

305 3247 416 3313 exscripsi
442 3265 493 3313 pag.
522 3249 638 3312 159000)
654 3253 708 3302 adn.
726 3251 759 3313 7),
777 3252 805 3301 de
822 3252 909 3318 quibas
925 3253 1087 3302 aeneatoribus
1099 3253 1128 3301 cl.
1140 3268 1193 3318 pag.
1210 3251 1259 3319 100
1276 3267 1332 3300 cum
1349 3250 1401 3299 adn.
1419 3248 1432 3295 3
1447 3249 1467 3294 21

305 3331 425 3381 Addenda
441 3335 466 3380 21
481 3331 626 3396 0222192222
642 3334 668 3383 12
685 3335 852 3399 disputationis
868 3337 923 3384 fine.

339 3413 358 3476 ’)
392 3413 430 3464 (tl.
447 3430 499 3480 pag.
516 3414 573 3466 201.

338 3495 359 3558 ⁸)
391 3496 487 3547 Titulus
503 3500 554 3564 eat:

786 3584 809 3632 D
943 3585 970 3634 Μ

620 3665 806 3716 saxrlaa
830 3683 836 3694 ·
859 3667 1140 3718 SATVRNINAE

621 3748 640 3798 0
663 3765 669 3776 ·
692 3749 805 3800 SEXTI
829 3751 996 3801 ·DAPHNI
1014 3767 1020 3778 ·
1038 3750 1085 3800 ΕΤ

620 3833 830 3883 sarulsus
858 3834 1140 3884 summula

572 3916 1139 3982 sula·q·v1x·aaa·vr·al·vl1·

620 3998 699 4048 DIEB
724 4000 1140 4050 ·xl111·1Nc·ra·Pvaa

620 4081 731 4130 DIV·
775 4083 906 4132 FAVS'P
940 4084 1141 4133 ·IVN10R

302 4162 407 4212 Adnotat
423 4163 536 4213 Henacn:
555 4164 760 4230 ,Intellegendum
776 4165 892 4230 mesum)
902 4168 1054 4232 framenta)
1067 4167 1190 4233 psittaco)
1207 4166 1307 4230 divae)
1317 4164 1465 4228 Faciamus)

302 4245 439 4311 iunioras).
473 4245 511 4298 01.
530 4249 624 4314 puellas
649 4248 820 4300 Faustinam
844 4250 907 4318 apud
932 4250 980 4300 Iul.
1010 4251 1222 4319 0221121221.
1240 4249 1268 4300 P.
1288 4249 1464 4302 821122222-
