3040 5134
597 608 661 674 123

47 782 128 848 Mihi
151 783 272 849 omnia
298 789 385 852 recte
408 785 590 872 procedere
614 785 784 866 videntur,
810 786 837 850 si
859 787 909 851 itu
931 793 967 852 ot
982 784 1215 871 interpreteris

46 896 90 960 ito
123 903 229 962 tooaea
264 906 305 964 ut
337 899 505 986 (Belgicez
541 907 604 964 met
626 899 699 964 dien
720 899 889 980 vastanda,
914 898 991 985 dut).
1038 897 1215 964 Sententia

46 1009 145 1093 igitur
179 1010 268 1078 haec
305 1018 363 1078 est.
398 1014 428 1078 E
462 1013 543 1079 fisco
577 1012 740 1098 pecunias
773 1013 967 1078 faeneratus
993 1032 1064 1078 esse
1088 1011 1214 1076 dicitur

47 1123 151 1188 usuris
187 1125 382 1207 trientibus,
417 1127 465 1191 ita
498 1131 614 1191 tamen
642 1131 681 1190 ut
714 1124 924 1212 pauperibus
947 1123 1118 1211 plerisque
1141 1125 1213 1190 sine

47 1237 150 1301 usuris
171 1239 339 1324 pecunias
360 1239 491 1305 dederit
514 1239 558 1306 ad
581 1261 679 1324 agros
702 1237 873 1320 emendos,
889 1259 973 1325 quas
992 1239 1155 1324 pecunias
1172 1238 1213 1304 de

47 1348 207 1416 fructibus
231 1352 374 1418 reddere
387 1375 443 1418 eos
455 1359 635 1440 oporteret.
659 1352 759 1431 Quod
773 1351 878 1418 altero
890 1351 965 1418 loco
977 1357 1136 1417 narratur
1147 1352 1214 1418 tale

47 1483 110 1528 esse
133 1465 247 1531 crede.
296 1466 472 1544 Severum,
496 1472 534 1531 ut
556 1467 628 1552 ipse
645 1465 881 1546 ,trientarium
893 1466 1014 1531 faenus
1026 1466 1212 1548 exercuit'',

47 1574 89 1639 ita
110 1576 367 1645 faeneratorum
391 1602 527 1667 quoque
552 1601 672 1645 usuras
695 1581 738 1646 ad
761 1580 898 1645 tertiam
922 1580 1125 1645 centesimae
1139 1601 1215 1666 par-

48 1694 112 1754 tem
140 1693 345 1759 contrahere
380 1700 543 1760 conatum
577 1715 657 1774 esse,
693 1699 732 1759 ut
761 1693 889 1759 scilieet
911 1693 1120 1780 pauperibus
1143 1693 1214 1780 opi·

50 1802 219 1872 tularetur.
269 1808 369 1886 Quod
403 1813 521 1873 contra
556 1807 708 1892 disputat
743 1806 892 1887 Billeter,
911 1807 1009 1892 credi
1034 1806 1092 1874 vix
1118 1829 1213 1894 posse

50 1915 287 2002 imperatorem
310 1926 382 1986 tarn
405 1920 568 1986 stolidum
591 1921 675 2007 quid
698 1919 892 2001 instituisse,
918 1920 1010 2007 quod
1033 1921 1122 1986 effici
1144 1941 1214 1986 non

51 2050 137 2114 posse
173 2034 322 2121 quisque
357 2035 473 2101 videre
509 2040 650 2122 poterat,
675 2032 699 2122 ¹)
733 2034 770 2099 id
807 2033 882 2100 leve
918 2039 977 2099 est.
1024 2034 1144 2118 Cogita
1172 2034 1213 2100 de

52 2141 186 2211 ridicula
221 2147 283 2214 illa
316 2149 491 2233 rogatione
527 2148 682 2214 Genucia
718 2160 792 2228 „ne
816 2148 990 2213 faenerare
1026 2146 1162 2213 liceret’'
1187 2147 1213 2234 ²)

53 2275 108 2322 nec
138 2280 208 2326 non
244 2262 286 2328 de
322 2262 436 2328 media
470 2268 579 2327 aetate
615 2262 734 2349 (quam
768 2261 910 2348 dicunt),
946 2282 1027 2327 cum
1058 2261 1215 2328 homines
1317 2247 1320 2254 ¹

53 2369 314 2442 faenerationem
347 2375 481 2461 legibus
516 2376 689 2462 prohiberi
713 2397 809 2462 posse
833 2374 1073 2461 opinabantur.
1120 2375 1212 2454 Quid

55 2481 154 2553 obstat
177 2491 265 2578 quin
289 2511 465 2555 sumamus
487 2490 654 2558 Severum
664 2483 925 2570 Alexandrum,
950 2510 1030 2556 cum
1043 2495 1214 2556 senatores

54 2615 163 2666 usuras
207 2603 362 2690 accipere
405 2625 542 2690 prorsus
579 2609 719 2685 vetaret,
755 2609 789 2669 et
822 2603 887 2669 hoc
922 2603 987 2668 sibi
1020 2603 1213 2690 sumpsisse,

56 2715 88 2774 ut
122 2713 351 2784 faeneratores
385 2723 563 2798 coerceret,
595 2723 713 2804 postea
747 2723 873 2799 tamen,
898 2738 979 2809 curn
1001 2716 1214 2783 senatoribus

56 2827 196 2896 semisses
244 2831 454 2914 concederet,
488 2831 576 2897 illud
611 2853 747 2919 quoque
782 2831 824 2898 de
858 2831 1126 2898 faeneratoribus
1160 2852 1214 2897 su-

56 2939 203 3010 stulisse?

93 3053 140 3121 De
162 3060 276 3125 usuris
298 3060 383 3126 haec
407 3060 586 3126 sufficiant.
632 3059 745 3125 Maius
767 3081 858 3142 sane,
878 3065 914 3126 at
925 3058 1017 3126 idem
1028 3059 1214 3145 indignum

57 3167 213 3239 auxilium
238 3173 394 3240 ferebant
416 3173 552 3240 tabulae
577 3195 697 3241 novae.
743 3175 820 3240 Hae
843 3174 938 3241 enim
964 3174 1068 3262 „quid
1087 3173 1216 3241 habent

58 3288 251 3368 argumenti,
287 3287 353 3353 nisi
385 3293 425 3352 ut
458 3308 552 3353 emas
586 3309 664 3353 mea
698 3288 844 3374 pecunia
881 3288 1040 3374 fundum,
1074 3310 1155 3354 eum
1177 3294 1216 3354 tu

57 3388 178 3482 habeas,
202 3423 269 3486 ego
293 3422 362 3467 non
386 3400 534 3467 habeam
554 3401 737 3487 pecuniam
749 3401 786 3468 ?’'
811 3398 839 3490 ⁸)

94 3506 163 3578 tam
184 3515 267 3580 inde
289 3536 312 3580 a
334 3514 572 3582 vetustissimis
594 3515 806 3601 temporibus
822 3514 955 3582 tabulas
968 3514 1214 3602 novasaplebe

66 3671 240 3698 x—

88 3745 103 3806 ¹)
133 3754 280 3815 „Alexander
295 3755 395 3804 Severus
412 3755 475 3804 hatte
492 3756 567 3805 demit
583 3756 651 3804 einen
669 3756 765 3806 Unsinn
782 3756 918 3821 bcgangcn:
934 3757 986 3805 dass
996 3755 1046 3803 sich
1058 3755 1214 3804 derZinsfuss

61 3823 135 3882 druch
151 3838 215 3888 nicht
234 3839 277 3886 ani
291 3837 341 3902 4⁰1,
358 3837 517 3887 beschritnken
535 3838 591 3887 liess
610 3876 740 3889 ......
759 3841 799 3889 das
809 3840 880 3888 sehon
889 3839 933 3887 wir
941 3837 1013 3886 leicht
1021 3837 1059 3885 ein
1078 3873 1183 3886 .....

61 3907 130 3964 Zama]
145 3922 201 3972 wird
220 3922 259 3970 die
276 3921 348 3969 Sachc
363 3921 455 3979 absurd‚
464 3937 534 3992 pann
544 3937 599 3970 man
608 3922 653 3971 mit
662 3923 715 3971 dem
724 3923 843 3971 Vcrfasser
851 3923 891 3971 der
899 3922 953 3970 Vita
962 3920 1128 3983 vorzugsrreise
1136 3936 1166 3970 an
1176 3922 1214 3970 dio

63 4008 185 4062 senuas«
204 4005 285 4062 dauht,
304 4004 341 4053 die
358 4005 433 4053 durch
450 4005 512 4053 diane
530 4004 657 4068 Massregel
673 4005 783 4070 begliickt
799 4006 891 4054 werden
909 4003 1011 4060 solltcn3
1028 4003 1111 4066 gewiss
1132 4004 1213 4053 bition

62 4075 126 4130 solche
147 4087 375 4152 zahlungsunsahige
400 4087 597 4137 lrreditschrrache
623 4089 695 4137 lente
715 4104 771 4152 geru
789 4104 818 4136 zu
836 4087 885 4152 4⁰),
902 4086 962 4136 Gcld
978 4101 1127 4152 genommen
1145 4104 1213 4138 wenn

62 4173 80 4205 ⁸⁸
93 4161 176 4223 iemand
194 4171 238 4236 gab
249 4171 271 4219 !'’

89 4243 104 4303 ³)
133 4252 165 4303 Cf.
183 4271 255 4320 snpra
271 4270 325 4320 pag.
344 4254 399 4302 118.

88 4325 464 4397 tmnmumm
