3084 5128
347 1729 574 1796 ADDENDA
598 1729 658 1796 ΕΤ
681 1727 996 1796 OORRIGENDA.

124 2015 333 2101 Magnopere
357 2013 464 2096 doleo,
489 2013 582 2102 quod
607 2015 720 2082 variae
743 2035 864 2082 causae
888 2015 1086 2096 effecerunt,
1110 2019 1149 2080 ut
1173 2013 1254 2080 satis

82 2149 248 2214 magnum
269 2129 432 2214 temporis
454 2128 604 2216 spatium
628 2128 853 2194 intercederet
877 2129 967 2195 inter
987 2129 1136 2217 primam
1150 2127 1253 2194 huius

81 2241 159 2308 libri
181 2241 358 2330 plagulam
381 2248 415 2308 et
439 2249 655 2329 postremam.
691 2242 792 2322 Quod
816 2242 852 2308 ni
865 2243 1050 2323 accidisset,
1063 2241 1253 2308 identidem

83 2355 248 2422 nonnulla
271 2377 364 2423 nunc
386 2356 547 2423 adderem
572 2356 626 2422 vel
649 2357 753 2422 etiem
777 2356 898 2424 leviter
921 2362 1102 2423 mutarem.
1128 2349 1270 2421 Aestus

82 2467 273 2537 litterarum
295 2468 549 2556 philologorum
573 2470 637 2536 hoo
649 2469 831 2537 intervallo
843 2471 948 2536 fluere
962 2491 1032 2536 non
1045 2469 1153 2536 desiit.
1199 2468 1253 2535 Ita

84 2605 158 2670 pag.
182 2584 202 2650 5
226 2606 274 2651 vs.
300 2585 319 2648 2
344 2585 445 2650 hodie
472 2606 541 2651 non
566 2584 714 2672 amplius
736 2583 839 2650 scribi
863 2589 973 2671 potest
988 2585 1072 2665 „hoo
1086 2582 1253 2664 saeoulo'’,

84 2698 139 2764 sed
177 2697 397 2764 scribendum
434 2698 566 2785 „priore
591 2696 758 2764 soeculo.'’
795 2735 838 2746 —
861 2698 903 2763 In
927 2696 1180 2764 conscribendis
1202 2698 1253 2778 iis,

85 2832 170 2897 quae
204 2810 367 2896 leguntur
401 2832 502 2898 pagg.
527 2812 568 2876 21
593 2833 698 2899 seqq„
723 2812 766 2877 55
789 2832 868 2878 oum
893 2811 974 2877 adn.
997 2812 1028 2888 4,
1053 2812 1125 2877 sine
1150 2811 1254 2877 dubio
1348 2792 1350 2796 ⁸

84 2924 125 2990 ad
158 2946 277 2991 meum
307 2947 408 2991 usum
432 2925 703 2992 oocomodassem
728 2930 761 2991 et
783 2925 820 2990 in
843 2923 1033 3011 legentium
1056 2947 1159 2990 usum
1182 2924 1253 2991 lan-

84 3037 215 3106 dassem
249 3038 549 3126 Pauly-Wissowa‚
584 3038 824 3126 near-nncyol.
859 3037 925 3107 ΙΨ
960 3060 985 3105 s.
1009 3060 1041 3104 v.
1072 3039 1198 3104 clientes
1220 3043 1254 3105 et

85 3153 363 3220 emendabatur.
392 3191 435 3201 -
458 3153 541 3237 Peg.
566 3153 608 3219 27
634 3152 768 3240 prelum
791 3153 862 3219 iam
884 3151 1079 3239 reliquerat,
1104 3173 1184 3218 oum
1211 3153 1252 3218 de

86 3265 219 3332 faenore
251 3266 488 3332 Romanorum
512 3267 690 3352 egregium
713 3288 799 3353 opus
822 3266 986 3332 emissum
1010 3271 1069 3333 est.
1115 3265 1256 3333 Billeter

86 3377 169 3460 dieo,
204 3378 408 3446 Gesohiohte
445 3381 503 3446 des
538 3380 725 3447 Zinsfusses
756 3381 806 3445 im
828 3384 980 3465 gr.·rdm.
1007 3379 1180 3446 Altertnm
1203 3379 1256 3446 bis

86 3493 146 3556 anf
175 3493 359 3575 Justinion,
383 3495 524 3581 Leipzig
548 3496 645 3561 1898.
670 3495 752 3580 Peg.
777 3473 818 3561 27'
843 3495 922 3561 adn.
947 3495 977 3578 5,
1005 3496 1057 3562 20.
1083 3495 1196 3582 potius
1218 3495 1255 3559 in

87 3603 177 3672 huno
200 3607 343 3672 modum
366 3607 552 3692 legendum
576 3613 646 3675 est:

126 3723 170 3778 20.
193 3739 225 3778 ee
245 3741 328 3778 mura
348 3741 415 3796 quoe
434 3725 465 3778 ut
486 3723 644 3796 temporibus
664 3724 722 3780 illis
743 3724 806 3780 leros
826 3727 899 3780 esset.

226 3801 401 3864 uDuodeoim
426 3801 531 3859 tabulis
552 3807 687 3871 sanetum,
709 3821 744 3860 ne
767 3803 829 3879 quis
852 3802 977 3859 unciario
998 3801 1112 3859 foenore
1134 3802 1255 3878 amplius

183 3881 354 3939 exerceret.’'
388 3882 465 3954 (Tne.
491 3884 566 3939 Ann.
591 3882 639 3950 VI,
663 3885 711 3956 16)
732 3883 898 3940 Unciarium
920 3881 1018 3939 foenus
1039 3881 1087 3938 olii
1109 3881 1190 3939 aliter
1211 3883 1254 3939 in·

183 3961 328 4036 tellegnnt.
349 3961 374 4017 11
397 3961 539 4019 Streuberi
562 3962 631 4035 (Der
652 3963 777 4020 Zinsfuss
799 3961 911 4020 beiden
924 3963 1056 4030 Rdmern,
1069 3961 1151 4018 Besel
1165 3964 1254 4035 1857)

184 4040 357 4117 aliorumque
389 4043 588 4099 nonnullorum
622 4043 766 4118 opinione,
797 4062 881 4118 quam
902 4042 969 4100 satis
990 4041 1103 4118 copiose
1125 4040 1256 4098 defendit

184 4120 302 4178 Billeter
333 4123 370 4190 (0.
393 4122 411 4179 l.
437 4141 501 4198 pag.
526 4125 580 4178 160
603 4127 703 4199 seqq.),
724 4129 767 4180 est
788 4123 870 4179 uncia
891 4123 949 4179 sive
970 4141 1035 4198 pars
1056 4121 1125 4179 assis
1146 4120 1254 4179 duode-

184 4200 255 4257 cima
286 4219 385 4257 usurae
414 4202 529 4259 nomine
561 4202 660 4279 quovis
691 4221 765 4258 anno
785 4201 1018 4259 duodenum
1039 4200 1177 4258 mensium
1199 4202 1254 4258 sol-

184 4280 274 4338 venda
294 4299 346 4356 pro
367 4288 441 4338 sorte
462 4281 545 4339 nnius
567 4282 636 4339 assis
657 4280 789 4358 (8¹b⁰l0)·
832 4281 978 4358 Plerisque
999 4286 1096 4338 contra
1117 4281 1252 4339 recentio-

183 4359 260 4418 ribus
291 4393 329 4403 —
360 4365 390 4418 ut
422 4361 581 4420 Mommsen
603 4361 636 4418 R.
659 4362 694 4419 G.
718 4361 745 4418 ΙΒ
766 4381 851 4438 pagg.
874 4363 929 4418 151
953 4379 1015 4418 oum
1038 4360 1114 4430 adn,
1136 4362 1192 4416 282
1215 4394 1253 4404 —
