3084 5128
854 621 858 628 ’
877 663 941 733 uno

321 845 447 915 mentis
480 852 578 913 erunt
609 846 793 934 praepositi
819 846 989 934 (praefecti
1012 845 1248 927 alimentorum,
1270 851 1469 933 procuratores

323 960 572 1045 alimentorum).
618 960 773 1026 Dubium
809 966 933 1040 tamen,
970 981 990 1024 a
1024 957 1140 1026 Marco
1175 958 1317 1025 Aurelio
1354 960 1396 1026 ad
1416 959 1472 1024 Ma-

323 1076 458 1142 crinum
482 1074 705 1140 universaene
729 1072 777 1139 rei
801 1072 1037 1139 alimentariae
1062 1093 1218 1138 summus
1242 1072 1382 1159 quidam
1396 1093 1473 1159 prae·

323 1189 426 1254 fuerit
446 1187 620 1274 praefectus
643 1186 875 1267 alimentorum,
901 1185 944 1251 ab
967 1186 1171 1274 imperatore
1195 1192 1330 1252 creatus
1349 1187 1475 1253 Romae·

324 1323 390 1389 que
415 1298 629 1366 domicilium
653 1298 791 1365 habena
818 1297 843 1384 ¹)

367 1414 486 1479 Restat
519 1418 558 1478 ut
592 1432 797 1499 quaeramus
832 1411 915 1499 quid
950 1412 1166 1498 potissimum
1202 1412 1310 1479 secuti
1333 1413 1473 1480 Caesares

323 1527 473 1594 Romani
508 1525 670 1592 alimenta
704 1524 764 1590 illa
795 1525 1008 1592 constituisse
1049 1526 1192 1610 putandi
1228 1525 1306 1593 sint.
1366 1527 1475 1594 Utrum

324 1639 549 1706 humanitatis
583 1639 758 1726 quandam
793 1639 998 1706 suavitatem
1026 1661 1070 1704 an
1105 1639 1290 1706 utilitatem
1313 1660 1478 1727 perseque-

324 1753 477 1820 bantur?
521 1753 706 1833 Romanos,
743 1752 803 1839 qui
837 1751 954 1819 omnia
991 1752 1133 1819 consilia
1167 1753 1325 1839 factaque
1363 1775 1420 1819 sua
1442 1750 1476 1816 ad

324 1867 508 1934 utilitatem
544 1867 632 1934 vitae
667 1866 862 1950 dirigerent,
898 1887 940 1932 ne
976 1866 1040 1932 huo
1072 1866 1212 1953 quidem
1236 1867 1272 1931 in
1296 1889 1332 1933 re
1356 1865 1476 1934 civilem

324 2003 427 2048 usum
449 1979 639 2066 neglexisse
663 1979 855 2046 credideris,
889 1979 991 2058 Quod
1013 2000 1092 2046 sane
1116 2001 1137 2045 a
1160 2001 1241 2047 vero
1265 1979 1400 2047 videtur
1419 1999 1476 2043 non

325 2094 518 2162 abhorrere.
570 2094 709 2160 Constat
743 2093 835 2158 enim
863 2092 952 2158 inter
986 2114 1105 2159 omnes
1141 2093 1220 2174 fere,
1258 2094 1319 2180 qui
1353 2094 1392 2160 de
1424 2092 1477 2158 hac

325 2229 427 2274 causa
462 2208 670 2294 scripserunt
704 2206 771 2273 viri
804 2205 905 2288 docti,
929 2205 1152 2292 imperatores
1175 2206 1217 2272 ad
1242 2207 1333 2274 hano
1356 2225 1477 2294 quoque

326 2321 494 2387 rationem
529 2319 730 2404 confugisse,
766 2324 805 2386 ut
828 2319 1060 2385 multitudinis
1082 2319 1320 2387 imminutioni
1343 2339 1479 2387 occurre·

326 2440 402 2500 rent
436 2440 470 2500 et
491 2432 621 2521 pubem
643 2432 835 2518 legionibus
859 2432 1076 2500 adducerent.
1103 2432 1130 2521 ⁹)
1175 2433 1333 2500 Secundo
1357 2457 1389 2522 p.
1411 2432 1478 2499 (ihr.

326 2569 360 2613 n.
389 2546 523 2614 saeculo
546 2546 682 2634 imperii
705 2547 791 2613 fines
813 2547 965 2614 immane
990 2553 1160 2633 quantum
1183 2553 1282 2614 erant
1305 2545 1479 2636 propagati.

326 2660 418 2740 Quid
442 2661 470 2727 si
492 2661 647 2727 deessent
670 2660 795 2726 milites
819 2661 879 2747 qui
901 2661 986 2727 fines
1009 2667 1081 2726 tam
1104 2660 1171 2728 late
1196 2668 1481 2749 patentestueren·

326 2774 413 2840 tur‘l
458 2774 546 2841 Satis
580 2774 811 2859 significanter
846 2780 935 2841 certe
970 2773 1104 2841 Plinius
1137 2775 1175 2840 in
1209 2775 1437 2862 Panegyrico:
1458 2771 1480 2859 ³)
1529 2755 1530 2758 Ἴ

329 2887 478 2970 ,Omnes
511 2892 627 2954 tamen
651 2893 729 2955 ante
753 2910 859 2975 quam
882 2895 914 2955 te
939 2888 1096 2955 viderent
1118 2889 1295 2957 adirentve
1319 2889 1421 2976 recipi
1440 2888 1482 2952 in·
1529 2865 1530 2949 f

326 3002 395 3070 cidi
428 3001 563 3083 iussisti,
597 3006 636 3068 ut
670 3001 740 3068 iam
774 3001 854 3068 inde
878 3001 921 3067 ab
945 3001 1091 3069 infantia
1112 3008 1291 3090 parentem
1316 3002 1481 3091 publicum
1528 3075 1529 3084 .

1528 3133 1529 3174 l

362 3231 383 3291 1)
417 3230 476 3279 Rem
502 3229 602 3278 affirmat
624 3229 760 3279 Hirschfeld
777 3230 815 3291 (V.
834 3231 892 3280 (1.1
909 3247 961 3296 pag.
979 3231 1027 3284 117
1045 3233 1126 3296 seqq),
1143 3231 1259 3281 infitiatur
1276 3232 1411 3283 Mommsen
1430 3229 1482 3295 (1.1.

327 3330 380 3380 pag.
399 3312 463 3361 1080
480 3312 534 3362 adu.
553 3311 585 3373 3).
620 3312 753 3376 Utrumque
770 3314 796 3362 in
811 3313 948 3363 universum
965 3316 1068 3363 conferas
1086 3315 1114 3363 de
1131 3314 1307 3378 magistratibus
1324 3316 1350 3365 in
1363 3316 1483 3366 redimen-

327 3397 387 3446 taria
411 3395 527 3460 occupatis
553 3395 667 3455 (Hirscht.
693 3393 711 3444 l.
736 3395 755 3445 l.
782 3413 832 3460 pag.
856 3397 904 3444 114
922 3414 994 3462 seqq,
1011 3398 1123 3447 Momms.
1142 3396 1159 3447 l.
1177 3396 1195 3446 l.
1212 3413 1264 3462 pag.
1284 3398 1349 3451 1079
1368 3401 1430 3464 seq).
1459 3397 1482 3444 11
1527 3441 1528 3468 3

328 3477 525 3544 inscriptionibus
550 3478 663 3526 Romanis
688 3477 771 3527 horum
797 3479 974 3543 magistratuum
997 3481 1063 3529 varis
1079 3481 1176 3529 uomina
1193 3480 1311 3544 leguntur.
1346 3483 1417 3546 Apud
1432 3483 1483 3543 Rug-
1527 3487 1528 3494 ’

328 3563 393 3628 giers
418 3562 444 3610 in
469 3561 521 3611 Diu.
547 3561 620 3626 epigr.
646 3561 727 3610 inveni
753 3562 823 3629 bsec:
847 3565 987 3628 praefectur
1002 3564 1174 3621 alimentorum,
1190 3568 1288 3613 curator
1304 3565 1358 3614 aiae
1375 3603 1381 3615 .
1399 3603 1405 3615 .
1422 3603 1427 3613 .
1444 3602 1449 3613 .
1464 3568 1484 3612 et

329 3646 500 3701 alimentorum,
517 3644 657 3693 eutcurator
675 3643 847 3702 alimentorum,
862 3650 1005 3710 procurator
1023 3647 1196 3704 alimentorum,
1206 3651 1317 3710 quaestor
1326 3648 1483 3699 alimmum,

329 3733 440 3795 quaestor
472 3728 636 3777 alimentorum
673 3727 789 3787 Caesarie,
823 3734 933 3792 quaestor
959 3745 1043 3779 caerae
1064 3729 1180 3794 pecuniae
1204 3730 1376 3789 alimentariae,
1401 3733 1484 3780 ruratm

326 3813 443 3878 pecuniae
476 3810 647 3869 alimentarme,
668 3813 811 3876 praefectus
835 3812 1052 3875 (alimentorum),
1077 3817 1187 3878 quaestor
1208 3815 1326 3876 pecuariae
1347 3813 1484 3880 pelliceret

328 3897 502 3954 alimentariae,
519 3899 629 3960 quaestor
645 3895 736 3943 aerarii
754 3899 778 3943 et
794 3895 966 3954 alimentorum,
982 3901 1093 3961 quaestor
1108 3897 1144 3946 rei
1155 3896 1266 3960 menese
1282 3903 1306 3948 et
1325 3899 1484 3956 alimentorum,

329 3980 413 4030 ducrir
434 3985 457 4028 et
474 3983 569 4028 murator
585 3978 758 4036 alimentorum,
776 3977 862 4026 duooir
878 3978 1041 4028 alimentorum
1057 3983 1167 4044 quaestor
1183 3984 1280 4029 carator
1288 3997 1371 4030 sacrm
1374 3981 1484 4046 pecuniae,

329 4068 394 4112 actor
423 4061 594 4118 alimentorum,
620 4061 705 4110 mlieres
730 4062 759 4111 ab
784 4062 912 4120 alimentis,
938 4062 1102 4112 alimentariue
1127 4065 1244 4125 (aerum).
1278 4065 1425 4126 (Posteriores
1445 4067 1484 4112 tre

329 4146 429 4197 minoris
449 4144 509 4194 iuris
526 4147 609 4206 erant.)
645 4143 785 4210 Complures
802 4161 895 4209 quoque
912 4145 1014 4194 contulit
1030 4146 1128 4195 Hannon
1145 4147 1172 4196 in
1188 4147 1347 4213 disputatione
1355 4147 1397 4197 illa
1404 4146 1484 4212 saepius

328 4230 377 4280 ism
394 4232 582 4277 commemorata.

362 4313 382 4372 ⁸)
416 4311 453 4362 cf.
471 4311 578 4360 Prooem.
596 4327 648 4375 pag.
667 4311 690 4364 7.
725 4311 781 4361 Alia
798 4311 897 4361 masilia
914 4312 968 4361 ride
985 4328 1052 4378 pagg.
1070 4312 1093 4373 8,
1112 4313 1152 4374 st,
1169 4313 1209 4364 98.

361 4395 381 4462 ³)
415 4394 473 4463 Cap.
491 4393 523 4444 no
541 4410 605 4459 seqq.
640 4393 676 4444 cf.
694 4393 766 4444 etiam
783 4394 840 4460 Cap.
859 4395 898 4446 51.

1520 5009 1524 5099 t
