3122 5130
876 595 918 660 66

312 767 470 856 draginta
504 793 547 837 ex
583 774 742 840 omnibus
765 772 1036 858 colligerentur.''
1052 771 1078 860 ¹)
1100 772 1197 838 Talia
1217 779 1334 840 tamen
1357 796 1470 860 parum

312 890 391 948 sunt
414 885 563 952 definita.
589 887 644 952 Ex
667 888 820 952 numeris
843 909 923 953 vero
948 887 1008 973 qui
1030 886 1222 968 traduntur,
1247 887 1274 952 si
1298 910 1368 953 non
1389 887 1466 953 mul-

311 1003 396 1079 tum,
415 999 496 1085 quia
519 1000 559 1064 de
582 1000 749 1066 domuum
772 1001 901 1066 ratione
926 1022 964 1066 ao
978 1001 1214 1085 magnitudine
1227 1001 1315 1066 nihil
1327 1001 1470 1066 additum

314 1118 372 1192 est,
397 1117 432 1176 at
455 1111 575 1179 saltem
598 1113 729 1201 aliquid
749 1115 836 1180 effici
848 1121 967 1200 potest.
991 1114 1154 1206 Legimus
1172 1121 1288 1180 autem
1300 1115 1391 1202 apud
1401 1115 1470 1180 Plu-

314 1225 485 1290 barchum:
502 1227 652 1304 ηφέροντες
672 1224 785 1289 ἐνοίκιον
804 1225 892 1296 αὐτὸς
912 1224 967 1304 μὲν
987 1229 1018 1302 (i.
1035 1248 1058 1286 e.
1076 1224 1471 1302 &aeleosepatetospoma

315 1343 374 1395 τῶν
405 1336 462 1395 ἄνω
497 1338 656 1418 δισχιλίους
688 1340 845 1415 νούμμους,
877 1337 980 1409 ἐκεῖνος
1005 1336 1036 1400 δὲ
1059 1341 1089 1414 (ἱ.
1111 1360 1135 1399 e.
1158 1341 1245 1416 Sulla)
1266 1348 1326 1399 τῶν
1345 1341 1472 1406 ὑποκάτω

315 1445 524 1521 aptaremus-'²
539 1445 565 1532 9)
599 1445 715 1511 Cicero
748 1445 785 1509 in
820 1445 970 1510 oratione
1006 1466 1111 1532 quam
1134 1467 1195 1531 pro
1218 1442 1333 1520 Coelio
1355 1445 1472 1524 habuit,

316 1569 433 1628 narrat
460 1562 553 1627 hunc
576 1562 613 1627 P.
638 1560 748 1626 Clodii
770 1560 807 1624 in
830 1558 942 1624 insula
964 1558 1179 1641 habitavisse,
1203 1560 1241 1624 in
1264 1560 1430 1640 aediculis,
1451 1557 1472 1642 11)

318 1675 445 1756 decem,
481 1682 520 1740 ut
553 1675 722 1761 opinatur,
758 1673 918 1738 millibus.
932 1673 958 1758 4)
993 1672 1145 1740 Velleius
1179 1673 1327 1759 demque
1351 1671 1472 1739 scribit:

237 1817 239 1820 ·
320 1789 594 1876 ,Prosequamur
628 1795 709 1854 nota
743 1787 960 1853 severitatem
993 1807 1172 1852 censorum
1207 1786 1313 1851 Cassii
1336 1783 1472 1869 Longini

317 1903 574 1990 Caepionisque,
615 1902 675 1989 qui
709 1901 834 1966 abhinc
858 1921 965 1965 annos
989 1906 1128 1965 centum
1152 1900 1400 1987 quinquaginta
1422 1897 1474 1962 tris

316 2017 485 2102 Lepidum
517 2017 706 2082 Aemilium
730 2035 905 2099 augurem,
932 2013 1023 2100 quod
1047 2035 1106 2078 sex
1130 2012 1269 2078 milibus
1292 2014 1361 2080 Hs.
1385 2012 1473 2079 aedes

316 2130 542 2211 conduxisset,
567 2130 682 2194 adesse
706 2128 885 2193 iusserunt.
910 2134 945 2192 at
968 2148 1060 2192 nunc
1084 2127 1111 2192 si
1136 2127 1212 2213 quis
1235 2128 1322 2192 tanti
1345 2126 1471 2202 habitet,

316 2244 376 2311 vix
411 2250 450 2308 ut
474 2250 608 2308 senator
631 2241 856 2326 agnoscitur.''
882 2240 907 2325 ὃ)
932 2241 1042 2306 Causa
1065 2262 1170 2326 quam
1193 2240 1288 2306 addit
1314 2239 1470 2309 Velleius:

320 2357 422 2437 „adeo
446 2363 569 2421 natura
591 2377 610 2420 a
634 2355 732 2420 rectis
755 2355 792 2420 in
815 2375 930 2440 prava,
954 2376 974 2419 a
997 2354 1112 2440 pravis
1134 2354 1171 2418 in
1194 2355 1287 2435 vitia,
1312 2353 1429 2420 avitiis
1439 2351 1469 2415 in

317 2470 514 2556 praecipitia
549 2468 767 2555 pervenitur''
791 2467 936 2532 -licet
959 2468 1030 2532 sine
1055 2455 1158 2532 dubio
1182 2467 1298 2555 aliqua
1321 2471 1469 2553 exparte

316 2605 398 2650 vera
432 2583 483 2664 sit,
519 2589 636 2647 tamen
670 2603 713 2646 ex
747 2581 854 2645 nimia
888 2581 1127 2668 superfluentis
1149 2581 1269 2666 populi
1291 2578 1471 2667 frequentia

316 2696 414 2760 facile
437 2694 648 2778 intellegitur
671 2692 888 2780 aliquantum
910 2694 1049 2759 aedium
1072 2695 1180 2780 pretio
1203 2695 1386 2760 accessisse.

360 2809 460 2887 Quod
495 2809 598 2874 etiam
633 2807 712 2872 inde
736 2807 900 2892 explicari
922 2814 1031 2894 potest
1055 2807 1147 2894 quod
1170 2808 1359 2895 antiquitus
1380 2805 1471 2872 urbes

316 2944 387 2987 non
409 2928 545 2986 tantum
573 2921 775 3007 amplificari
798 2927 955 3006 poterant
968 2927 1138 3007 quantum
1150 2910 1264 2987 nostro
1277 2917 1469 3008 temporel)

314 3036 362 3102 Ut
395 3035 461 3100 alia
496 3035 661 3115 omittam,
699 3040 868 3120 quantum
902 3035 1115 3100 commodius
1148 3035 1358 3122 celeriusque
1381 3032 1472 3127 hodie

349 3255 366 3314 1)
383 3255 437 3318 Dig.
456 3255 518 3311 XlX,
538 3255 560 3311 2,
579 3255 618 3302 30.
653 3256 689 3303 cf.
707 3256 778 3304 etiam
796 3255 844 3303 Cic.
863 3256 892 3303 ad
909 3256 1032 3313 Xtt.·XlI,
1052 3257 1090 3313 32,
1107 3257 1138 3314 2;
1156 3257 1220 3314 XVI,
1240 3256 1261 3313 l,
1281 3257 1302 3304 5.

347 3337 367 3397 2)
385 3337 450 3385 Plut.
469 3337 536 3386 Sulla
554 3338 576 3386 1.

345 3420 365 3479 ὃ)
392 3421 506 3468 atttendas
531 3421 711 3469 diminutivum.
747 3422 816 3486 Quod
839 3422 859 3469 si
879 3420 1011 3470 Piihlmann
1031 3422 1129 3479 fecisset,
1148 3438 1195 3469 non
1214 3421 1399 3486 reprehendisset
1415 3420 1473 3467 Mar·

313 3504 406 3567 quardt‚
432 3504 474 3566 qui
500 3520 528 3551 ex
554 3504 598 3551 hoc
622 3521 715 3567 quoque
740 3503 791 3552 loco
809 3510 887 3567 patere
904 3504 963 3554 dicit
980 3505 1067 3553 Romae
1083 3504 1259 3553 habitationum
1277 3505 1393 3554 mercedes
1410 3503 1474 3552 luisse

316 3602 418 3650 magnas.
437 3587 502 3648 (StV.
521 3585 557 3635 11²
576 3603 626 3650 pag.
647 3587 694 3635 124
712 3589 765 3636 adn.
785 3589 810 3649 6)

337 3659 365 3728 Ὶ4)
384 3669 426 3716 Cic
453 3669 499 3716 Pro
518 3668 580 3718 Cael.
599 3671 622 3726 7,
643 3669 681 3720 17.

351 3752 368 3812 ⁵)
387 3751 448 3800 Vell.
467 3753 556 3800 Paterc.
574 3753 607 3809 ΙΙ,
627 3752 666 3809 10,
686 3753 707 3800 l.

348 3835 367 3893 ⁶)
394 3835 430 3882 Of.
456 3835 549 3884 Pdhlm.
576 3835 592 3883 l.
620 3835 636 3884 l.
664 3852 714 3900 pag.
743 3836 790 3893 78;
817 3835 905 3884 Friedl.
931 3836 949 3884 l.
976 3836 992 3884 l.
1020 3852 1071 3899 pag.
1099 3837 1139 3884 25.
1174 3836 1280 3885 Orientis
1315 3837 1392 3895 urbes,
1417 3832 1475 3884 velut

319 3917 473 3980 Babylonem,
505 3918 604 3976 Ninum,
638 3935 702 3966 secus
733 3935 757 3966 se
786 3917 895 3966 habuisse
927 3918 1060 3966 Po'hlmauu
1093 3919 1159 3966 docet
1184 3922 1244 3982 (pag.
1273 3919 1287 3967 3
1314 3923 1379 3982 seq),
1405 3913 1475 3966 Curtii

320 4000 482 4049 testimonium
509 4003 628 4064 proferens
654 4001 754 4050 dicentis
780 4002 817 4061 (V,
845 4002 867 4057 l,
894 4002 925 4053 27
952 4000 1072 4060 Damste):
1100 4003 1151 4066 „Ac
1175 4018 1205 4049 ne
1230 4005 1304 4050 totam
1330 4003 1426 4065 quidem
1443 4013 1476 4046 ur·

317 4081 370 4130 bem
395 4083 463 4132 tectis
488 4088 660 4148 occupaverunt
678 4112 709 4120 —
727 4100 769 4148 per
793 4083 878 4131 LXXX
904 4084 979 4132 stadia
1001 4083 1151 4134 habitabatur
1168 4111 1200 4120 -
1218 4100 1261 4132 nec
1278 4086 1358 4133 omnia
1376 4083 1478 4133 continua

315 4168 378 4221 sunt,
404 4165 480 4222 credo,
507 4167 563 4230 quia
588 4168 664 4215 tutius
682 4168 760 4214 visum
778 4172 812 4214 est
829 4165 939 4228 pluribus
957 4166 1015 4214 locis
1033 4167 1117 4230 spargi.
1153 4167 1235 4215 Cetera
1252 4169 1333 4216 serunt
1350 4167 1476 4228 coluntque,

315 4253 349 4304 ut,
376 4249 396 4296 si
423 4259 517 4297 externa
544 4251 580 4298 vis
598 4251 700 4313 ingruat,
719 4249 817 4298 obsessis
834 4249 946 4298 alimenta
963 4265 990 4297 ex
1007 4250 1083 4313 ipsius
1101 4249 1164 4298 urbis
1182 4249 1231 4298 solo
1249 4243 1475 4300 subministrentur.''

315 4331 475 4380 Reminiscerc
491 4333 561 4380 etiam
577 4334 647 4381 Ionae
664 4333 705 4389 IV,
725 4332 763 4380 ll.
