3040 5134
882 605 946 670 138

324 805 370 850 an
399 783 465 850 hoc
498 784 663 850 doceant:
701 781 847 848 afuisse
872 781 1086 847 frumentum
1109 780 1203 866 quod
1228 779 1365 867 publice
1388 777 1478 864 pretio

324 897 414 963 iusto
451 895 578 964 leviore
613 896 800 962 emendum
825 901 1094 982 proponeretur3
1130 895 1216 960 bad
1240 894 1329 959 hanc
1353 890 1480 957 liberali·

322 1016 429 1076 tatem
460 1009 537 1076 illos
567 1010 654 1075 solos
678 1009 780 1074 fuisse
804 1009 979 1090 admissos,
1005 1009 1067 1095 qui
1091 1007 1197 1074 talem
1221 1014 1385 1074 tesseram
1407 1026 1480 1071 acce·

323 1125 460 1212 pissent.
507 1122 602 1209 (Illas
640 1128 782 1190 tesseras
802 1123 906 1203 enim,
932 1129 971 1188 ut
994 1123 1030 1188 in
1055 1141 1213 1189 annonae
1239 1118 1481 1188 difficultatibus

323 1277 492 1336 frumentariis,
517 1280 632 1341 quatenus
646 1277 741 1326 venibat
759 1277 848 1327 leviore
865 1278 948 1342 pretio,
967 1277 1028 1326 datis
1050 1276 1217 1326 nummariis.''
1238 1278 1269 1325 In
1286 1277 1367 1326 1111111
1386 1273 1482 1323 sententio

322 1365 358 1410 est
383 1360 521 1424 Marquardt
542 1359 606 1419 (Stv.
623 1359 661 1408 11²
677 1376 729 1424 pag.
749 1359 796 1408 125
814 1360 868 1408 adn.
888 1363 920 1420 t),
947 1360 1004 1409 item
1021 1360 1091 1409 hodie
1111 1359 1259 1408 Hirschfeld.
1287 1360 1319 1421 (Is
1338 1363 1405 1407 antas
1419 1357 1481 1404 defen·

322 1444 359 1492 dit
375 1448 472 1492 tesseras
489 1442 634 1491 nummarias
650 1443 712 1506 ipsas
729 1459 779 1490 osse
790 1443 969 1506 frumentarias
987 1460 1054 1508 saepe
1073 1448 1275 1492 commemoratas.
1293 1443 1330 1490 Cf.
1349 1440 1481 1490 1111111811·

324 1526 440 1590 tengosch.
467 1526 540 1574 Roma
565 1525 589 1573 1·
606 1541 659 1589 pag.
677 1525 708 1573 63
726 1525 771 1574 adn
800 1525 822 1586 1)
855 1527 982 1575 Suetonius
1000 1527 1151 1590 potissimum
1170 1528 1258 1575 famem
1277 1526 1334 1574 anni
1353 1541 1406 1573 au.
1420 1521 1481 1573 1719

322 1612 356 1672 (p.
374 1608 430 1656 cnr.
447 1624 471 1656 n.
490 1609 515 1667 6)
541 1607 653 1671 respicere
681 1608 743 1655 credi
770 1613 844 1672 potest
869 1610 908 1670 (cf.
939 1609 1051 1657 Momms.
1078 1609 1095 1658 1.
1114 1609 1148 1665 1.),
1184 1609 1219 1656 De
1251 1609 1331 1656 cadem
1358 1622 1426 1670 agens
1448 1604 1482 1651 Dio

324 1700 383 1762 (LV,
403 1701 526 1762 26,2,3):
558 1689 623 1754 ..aaz
653 1689 776 1764 προσέτι
808 1690 856 1750 καὶ
876 1690 978 1765 ἄνδρες
998 1691 1200 1759 ὑτατευκὸτες
1222 1687 1270 1750 ἔτί
1291 1709 1325 1748 τε
1346 1690 1483 1748 sabatrae

324 1783 372 1845 nal
392 1780 439 1843 ἓτὶ
459 1790 512 1844 τοῦ
531 1784 621 1861 ἄρτου
642 1785 847 1858 κατέστησαν,
872 1785 952 1846 ὥστε
973 1783 1087 1848 rancia
1111 1785 1233 1864 ἑκάστῳ
1255 1787 1480 1862 πιπράσκεσθαι.

323 1877 451 1942 ἐπέδωκε
470 1877 526 1957 μὲν
546 1879 608 1956 γὰρ
628 1881 676 1943 nni
690 1882 821 1956 τρσῖκαὸ
836 1883 1012 1957 Αὔγουστος
1024 1892 1084 1952 τοῖς
1095 1882 1346 1959 σιτοδοτσυμὲνοις
1358 1884 1482 1940 τοσοῦτον

325 1974 422 2051 ἕτερον
453 1974 520 2036 ’ὅσον
550 1977 593 2036 ἀεὶ
622 1975 829 2054 tlaussaueu.’'
865 1992 910 2040 Dio
928 1992 1002 2055 igitur
1018 1991 1079 2039 hanc
1096 1990 1263 2040 liberalitatem
1282 1991 1368 2040 diserte
1384 1984 1483 2036 refertad

329 2073 462 2138 plebem
488 2075 765 2123 frumentariam.
800 2077 910 2123 Attamen
939 2075 1066 2131 fatendum,
1097 2090 1153 2123 oum
1182 2074 1229 2122 Dio
1260 2075 1376 2138 gratuitae
1406 2076 1482 2119 uotum

328 2156 461 2220 largitionis
495 2158 638 2206 mentionem
673 2159 749 2216 faeiat,
784 2158 848 2206 hunc
874 2157 953 2206 locum
979 2157 1008 2206 ab
1036 2156 1087 2205 illis
1113 2173 1207 2221 quoque
1233 2157 1333 2222 proferri
1358 2171 1429 2220 posse,
1451 2150 1482 2214 qui

328 2239 390 2288 inter
416 2240 561 2288 nummarias
588 2245 611 2288 ct
633 2241 810 2304 frumentariae
837 2245 935 2290 tesseras
963 2241 1092 2289 discrimen
1120 2257 1169 2288 esse
1191 2245 1285 2304 negent.
1326 2239 1409 2288 Dionis
1433 2234 1483 2283 enirn

332 2318 476 2388 ηὲπὲδωκε
496 2319 552 2397 μὲν
572 2321 634 2398 γὰρ
654 2323 702 2385 καὶ
722 2333 827 2399 aptista
853 2353 902 2400 eq
930 2335 965 2384 s.’'
994 2338 1017 2384 et
1042 2335 1148 2384 Suetonii
1173 2337 1336 2399 „tesserasque
1353 2328 1480 2402 nummarias

329 2417 475 2481 duplicavif’
496 2419 559 2466 idem
576 2419 693 2468 declarare
716 2420 833 2468 videntur.
861 2419 930 2483 Quod
948 2419 967 2467 si
979 2434 1061 2467 verum
1070 2423 1112 2472 cst,
1123 2419 1179 2466 haec
1190 2417 1262 2465 verbs
1271 2417 1344 2481 igitur
1353 2409 1483 2464 indicaredi·

327 2499 389 2548 reris
406 2503 544 2550 tesserarum
561 2506 618 2550 tunc
635 2502 707 2567 duplo
725 2503 836 2552 maiorem
854 2518 981 2550 numerum
997 2501 1071 2550 fuisse
1086 2500 1240 2549 distributum
1260 2500 1366 2564 quamin
1377 2491 1483 2546 menstruis

329 2582 496 2646 largitionibus
512 2583 622 2633 distribui
640 2585 730 2634 soleret.
748 2585 812 2648 (Non
829 2585 897 2633 video
913 2599 956 2632 cur
964 2583 1003 2632 hic
1012 2583 1077 2632 locus
1087 2599 1140 2633 eam
1151 2583 1274 2640 Rodberto,
1282 2583 1300 2632 1.
1310 2582 1327 2632 l.
1337 2583 1390 2631 adn.
1400 2581 1428 2628 la
1436 2585 1482 2640 (pag.

330 2665 378 2714 386
397 2669 454 2730 seq.)
471 2667 658 2730 interpretandus
676 2669 708 2716 sit
725 2668 753 2716 de
770 2668 875 2733 ipsorum
893 2667 1061 2728 accipientium
1070 2683 1168 2715 numero
1177 2665 1307 2730 duplicato,
1317 2681 1364 2714 non
1374 2664 1402 2712 de
1411 2657 1482 2723 duplici

329 2750 446 2798 frumento
464 2750 554 2802 donato.
573 2749 639 2799 Alibi
658 2750 761 2814 legimus
778 2752 834 2812 (Dio
852 2751 916 2799 Cass.
934 2750 1000 2807 LIII,
1019 2751 1043 2807 2,
1057 2750 1207 2798 ladannum
1217 2766 1237 2797 a.
1248 2765 1271 2796 u.
1282 2765 1303 2797 o.
1314 2749 1364 2801 726
1374 2742 1483 2792 :adhc
1507 2761 1508 2834 1

330 2847 354 2881 n.
373 2833 414 2892 28)
431 2833 567 2896 Augustum
584 2835 731 2882 frumentum
750 2834 950 2898 quadruplicasse.
982 2833 1047 2882 Num
1066 2833 1196 2881 Radbertus
1214 2830 1254 2880 hic
1272 2847 1366 2896 qnoque
1382 2823 1475 2892 cogitati
1507 2837 1508 2850 ³

330 2915 495 2980 accipientium
513 2932 610 2964 numero
628 2918 715 2980 quad
726 2933 737 2965 r
748 2932 788 2981 up
798 2916 806 2964 l
816 2917 824 2964 i
834 2922 887 2966 cat
897 2918 937 2975 ol)
955 2915 991 2964 Ne
1008 2916 1041 2963 ita
1058 2915 1209 2978 interpretata
1226 2914 1324 2978 quidem
1342 2931 1378 2962 res
1395 2904 1483 2975 opinioni

331 3013 395 3046 meae
412 3003 531 3064 repugnat,
549 3015 604 3047 cum
621 3015 633 3047 1
650 3000 756 3048 Suetonii
766 2999 843 3048 verbis
857 3001 984 3057 discamus,
994 2999 1034 3062 qui
1045 2998 1164 3047 interdum
1172 2998 1253 3062 gratiis
1263 2998 1401 3062 acciperent,
1409 2991 1484 3042 eosdem
1507 2983 1508 3058 1

331 3096 398 3145 saepe
414 3082 618 3146 prctioquodam‚
636 3083 789 3146 quantumvis
806 3082 863 3140 levi,
881 3082 995 3146 accepisse
1012 3082 1168 3129 frumentum.

364 3165 400 3212 De
428 3165 521 3213 tesseris
546 3165 617 3213 etiam
643 3165 679 3228 egi
705 3165 731 3212 in
759 3167 864 3229 proximo
882 3166 964 3229 capite.
1000 3165 1047 3212 Hic
1064 3168 1143 3212 tamen
1160 3164 1208 3212 iam
1226 3179 1300 3228 pauca
1317 3162 1420 3212 addenda
1434 3157 1484 3205 sunt
1507 3207 1508 3232 ,

331 3247 413 3311 Nuper
437 3248 501 3295 enim
527 3263 612 3296 novam
630 3248 764 3313 opinionem
786 3249 885 3313 protulit
902 3249 1046 3297 Rostovtsew
1064 3232 1149 3308 (lItude
1167 3262 1207 3295 sur
1224 3245 1258 3294 les
1274 3245 1371 3310 plomba
1388 3242 1484 3304 antiqua.
1507 3233 1508 3270 i

288 3387 290 3391 ¹
331 3330 358 3378 in
384 3329 464 3378 Rcvue
489 3331 674 3395 numismatique
701 3331 773 3390 1898,
800 3348 852 3395 pag.
880 3332 928 3380 256
947 3327 1484 3395 1111).01111111111,1111111111111,1111
1507 3341 1508 3400 1

332 3429 417 3477 magno
434 3413 531 3462 numero
549 3415 665 3478 congessit
681 3415 803 3463 Benndorf
819 3443 851 3451 -
869 3415 979 3478 Beitr‘age
997 3429 1038 3462 zur
1054 3413 1185 3462 Kenntniss
1203 3414 1242 3461 des
1260 3412 1378 3461 attischen
1386 3410 1485 3459 utana,
1507 3413 1508 3454 t

332 3495 358 3544 in
384 3495 494 3544 Zeitschr.
521 3499 538 3546 f.
564 3498 672 3546 dstreioh.
699 3498 811 3562 Gymnn,
836 3499 916 3562 Jahrg.
944 3497 1029 3546 XXVI.
1064 3497 1129 3545 Haec
1147 3496 1274 3561 disputatio
1291 3496 1363 3544 etiam
1381 3487 1484 3558 sepafflllffl

332 3579 394 3628 edita
411 3584 447 3628 est
463 3580 563 3629 Vindob.
584 3581 647 3632 1875
665 3608 707 3639 —,
724 3596 771 3628 non
790 3585 846 3629 sunt
857 3581 1043 3646 frumentariae,
1060 3584 1087 3628 ut
1103 3579 1175 3644 vulgo
1192 3582 1284 3644 putant,
1302 3579 1344 3627 sed
1358 3579 1421 3644 ipsae
1435 3585 1485 3621 aaa·

332 3662 422 3712 muriae
446 3679 545 3728 quarum
566 3664 710 3712 mentionem
727 3665 783 3712 facit
800 3664 934 3712 Suetonius.
969 3664 1085 3728 Utrasque
1101 3664 1131 3712 ad
1148 3662 1344 3711 frumentationes
1362 3655 1485 3726 peninon
1507 3649 1508 3744 1

333 3747 422 3804 statuit,
440 3746 473 3795 ita
490 3751 568 3796 tamen
586 3751 613 3796 ut
624 3747 806 3811 frumentariae
823 3747 895 3795 semel
907 3752 997 3796 tantum
1008 3749 1034 3795 in
1043 3763 1137 3796 omnem
1147 3746 1219 3794 vitam
1231 3745 1351 3802 darentur,
1360 3737 1486 3792 nummariae
1507 3755 1508 3776 ³

333 3844 386 3877 vero
412 3829 520 3894 singulae
545 3831 570 3878 in
597 3831 698 3894 singulis
723 3831 955 3879 frumentationibus.
989 3831 1026 3879 Ita
1051 3829 1115 3878 enim
1142 3845 1191 3877 rem
1208 3829 1287 3877 auimo
1305 3827 1403 3892 effingit,
1420 3816 1485 3882 utqui
1507 3881 1508 3888 χ

332 3912 510 3961 frumentariam
527 3913 676 3977 largitionem
694 3917 807 3978 expeteret
824 3929 877 3960 cum
889 3913 1055 3976 frumentaria
1073 3915 1159 3960 tessera
1176 3928 1200 3960 se
1217 3912 1332 3959 conferret
1348 3911 1379 3958 ad
1390 3906 1485 3974 porticum

333 3995 473 4053 Minuciam,
500 3996 539 4044 ubi
566 3997 681 4060 acciperet
706 3997 778 4044 aliam
807 3998 926 4054 tesseram,
951 3995 1115 4053 nummariam,
1133 4011 1179 4058 qua
1195 3993 1299 4043 exhibita
1316 3995 1457 4042 frumentum
1471 3982 1486 4031 tl

333 4077 459 4126 deferretur
484 4095 496 4126 e
518 4079 621 4142 publicis
637 4079 734 4128 horreis.
769 4079 846 4127 Etiam
870 4079 915 4135 hoo
932 4079 1060 4127 discrimen
1078 4079 1103 4126 in
1121 4094 1185 4127 mera
1200 4077 1340 4135 coniectura,
1358 4081 1423 4125 acuta
1437 4082 1486 4121 ⁸8⁰⁸·

332 4161 435 4226 positum
452 4166 493 4218 est,
512 4162 550 4210 oui
568 4178 697 4227 repugnare
714 4162 809 4226 quidem
828 4162 920 4210 videtur
937 4162 998 4210 Suet.
1017 4162 1079 4210 Nero
1098 4162 1137 4220 11,
1156 4161 1196 4210 ubi
1213 4165 1312 4208 tesserae
1327 4152 1488 4224 frumentari&u

333 4246 389 4293 sunt
405 4245 431 4293 in
448 4244 589 4302 missilibus,
612 4262 671 4310 quoe
687 4261 729 4310 per
746 4260 827 4294 omnes
845 4245 895 4292 dies
913 4245 1001 4310 populo
1018 4261 1097 4309 sparsa
1113 4245 1187 4293 fuisse
1202 4247 1336 4292 narrantur.
1358 4271 1391 4280 -
1408 4243 1439 4290 De
1452 4239 1485 4284 111·

332 4327 390 4377 seris
408 4328 550 4378 nummariis
567 4329 637 4377 etiam
654 4327 726 4377 aliam
745 4329 902 4377 coniecturam
920 4329 974 4377 vide
988 4329 1051 4393 apud
1067 4328 1166 4392 Madvig
1182 4327 1199 4377 l.
1216 4327 1234 4376 l.
1251 4341 1303 4392 pag.
1322 4326 1381 4382 4117.
