3122 5130
649 516 691 578 39

80 688 246 770 solebant,
284 689 333 754 ita
367 697 404 754 ut
438 691 539 756 multi
562 712 644 756 mox
671 692 873 779 „multiplici
896 694 966 758 iam
989 698 1076 758 sorte
1102 692 1257 758 exsoluta

79 793 319 879 mergentibus
335 815 469 880 semper
480 802 606 861 sortem
618 796 730 861 usuris
742 796 882 885 obrut(i)
894 799 1030 863 faenore
1043 795 1214 882 essc(nt).''
1231 795 1255 882 ¹)

79 906 114 973 Si
139 907 228 974 lenti
251 908 454 974 infitiatores
477 915 574 974 erant
597 930 640 974 ex
663 931 767 976 usura
791 932 862 976 sors
885 910 988 976 fiebat
1012 907 1037 996 Ω)
1061 907 1117 975 vel
1142 929 1256 974 versu-

81 1042 154 1086 ram
188 1021 306 1088 facere
327 1021 546 1106 cogebantur.
572 1020 598 1108 ³)
622 1021 682 1089 Sin
706 1024 848 1089 omnino
871 1027 1061 1089 nouerant
1094 1020 1256 1087 solvendo

82 1155 186 1221 quam
232 1157 353 1222 aspere
390 1140 625 1219 tractarentur,
663 1159 680 1203 e
716 1138 853 1203 Liviani
888 1135 1097 1202 centurionis
1132 1134 1255 1215 verbis

80 1248 180 1314 modo
230 1271 252 1314 a
291 1270 345 1314 me
379 1248 538 1330 laudatis,
575 1257 725 1338 apparet.
772 1251 869 1330 Quae
902 1249 1084 1316 duodecim
1119 1247 1256 1313 tabulae

83 1368 276 1428 sanxerunt
311 1362 352 1428 de
390 1362 552 1442 ,confessi
586 1365 673 1430 aeris
706 1386 746 1429 ac
780 1363 887 1429 debiti
920 1361 1096 1429 iudicatis''
1126 1360 1257 1426 Gellius

83 1474 203 1541 litteris
237 1475 443 1546 custodivit:
483 1476 556 1557 ,Sic
592 1478 685 1543 enim
719 1484 808 1558 sunt,
844 1477 974 1564 opinor,
1010 1474 1116 1542 verba
1149 1474 1254 1559 legis:

85 1589 226 1654 Aeris
291 1591 510 1656 confessi
562 1590 812 1677 rebusque
859 1591 964 1655 iure
1010 1587 1256 1654 iudicatis

85 1701 307 1788 triginta
368 1704 471 1769 dies
521 1705 645 1769 iusti
693 1711 847 1770 sunto.
917 1703 1031 1768 Post
1076 1700 1255 1766 deinde

85 1837 254 1881 manus
291 1817 503 1882 iniectio
546 1825 658 1899 estc,
702 1819 751 1882 in
790 1816 1069 1882 iusducito.
1116 1814 1256 1879 Niiu-

86 1929 305 1994 dicatum
351 1930 474 1994 facit
519 1938 600 1995 aut
646 1931 754 2016 quis
799 1930 920 1995 endo
966 1950 1016 1995 eo
1061 1928 1110 1992 in
1148 1928 1255 1992 iure

86 2041 317 2122 vindicit,
365 2064 525 2108 secum
565 2044 749 2124 ducito,
798 2043 991 2110 vincito
1037 2046 1125 2106 aut
1158 2062 1255 2106 ner·

87 2175 137 2218 vo
200 2161 287 2220 aut
354 2156 683 2242 compedibus.
752 2156 1048 2235 Quindecim
1096 2153 1254 2240 pondo

88 2288 137 2332 ne
172 2269 363 2334 minore
399 2275 480 2334 aut
513 2270 552 2334 si
587 2267 1160 2336 voletmaiorevincito.
1207 2266 1254 2332 Si

88 2381 221 2447 volet
269 2402 351 2447 suo
397 2383 674 2448 vivitoNi
719 2405 802 2448 suo
848 2382 987 2463 vivit,
1035 2381 1254 2467 quicum

89 2493 312 2561 vinctum
357 2495 571 2578 habebit,
614 2496 772 2562 libras
807 2496 962 2561 farris
995 2495 1116 2560 endo
1150 2493 1254 2559 dies

88 2606 203 2673 dato.
253 2607 302 2674 Si
336 2609 471 2674 volet
505 2608 616 2696 plus
650 2611 772 2676 date.
808 2609 892 2674 Erat
915 2615 1031 2674 autem
1053 2607 1253 2672 insinterea

87 2721 280 2804 paciscendi
303 2743 351 2804 ac,
375 2723 442 2787 nisi
463 2730 563 2808 pacta
586 2723 705 2804 forent,
729 2722 945 2788 habebantur
967 2721 1005 2786 in
1022 2719 1169 2790 vinculis
1180 2719 1252 2784 dies

86 2835 271 2920 sexaginta.
318 2837 413 2901 Inter
435 2858 492 2903 ecs
515 2837 587 2903 dies
609 2837 707 2902 trinis
729 2836 894 2902 nundinis
917 2834 1088 2901 continuis
1102 2833 1146 2898 ad
1157 2854 1252 2920 prae-

86 2952 189 3013 torem
229 2950 269 3014 in
300 2950 478 3015 comitium
511 2950 797 3037 producebantur,
834 2955 1050 3036 quantaeque
1087 2946 1251 3033 pecuniae

84 3059 221 3127 iudicati
256 3070 377 3144 essent,
413 3063 681 3148 praedicabatur.
727 3063 850 3128 Tertiis
874 3070 991 3128 autem
1013 3060 1177 3125 nundinis
1200 3080 1252 3125 ca-

89 3173 153 3258 pite
177 3197 307 3261 poenas
331 3176 458 3242 dabant
481 3185 540 3242 aut
562 3185 655 3243 trans
678 3177 830 3243 Tiberim
852 3198 992 3264 peregre
1004 3195 1134 3242 venum
1145 3172 1251 3238 ibant.

90 3287 152 3352 Sed
174 3310 253 3354 earn
276 3289 396 3376 capitis
418 3312 565 3376 poenam
589 3290 789 3356 sanciendae
813 3291 912 3357 sicuti
935 3289 1016 3370 dixi,
1041 3287 1122 3353 fidei
1144 3288 1253 3372 gratia

91 3400 284 3468 horrificam
317 3404 501 3470 atrocitatis
536 3410 670 3469 ostentu
704 3405 870 3491 novisque
893 3403 1077 3470 terroribus
1100 3407 1253 3468 metuen-

91 3514 167 3580 dam
189 3516 423 3583 reddiderunt.
470 3518 560 3581 Nam
590 3518 617 3582 si
640 3517 754 3603 plures
776 3518 896 3598 forent,
922 3516 1046 3603 quibus
1068 3536 1145 3581 rcus
1168 3522 1254 3579 esset

91 3627 265 3712 iudicatus,
290 3652 412 3712 secare,
437 3632 465 3696 si
488 3631 624 3713 vellent,
647 3638 749 3718 atque
773 3632 892 3718 partiri
915 3652 1037 3717 corpus
1050 3629 1177 3695 addicti
1190 3625 1253 3692 sibi

92 3811 283 3823 Q·—

125 3897 140 3954 ¹)
157 3898 209 3948 Liv.
229 3900 270 3958 VI,
289 3900 328 3958 14,
347 3901 369 3952 7.

122 3980 140 4040 ²)
158 3982 194 4030 Cf.
214 3983 329 4046 Schwcgl.
347 3984 375 4031 R.
394 3983 422 4031 G.
441 3983 465 4030 ΙΙ
483 3999 534 4047 pag,
554 3983 608 4031 214.

122 4062 141 4122 ³)
158 4065 226 4114 Paul.
245 4066 312 4114 Diac.
338 4082 388 4130 pag.
408 4065 471 4118 379:
491 4066 632 4129 ,versuram
644 4068 718 4115 facere
735 4071 843 4114 mutuam
852 4065 974 4128 pecuniam
984 4078 1076 4111 sumere
1092 4061 1255 4111 excodictum

93 4150 132 4203 cst,
156 4150 218 4211 quod
245 4149 315 4197 initio
332 4149 373 4211 qui
392 4148 559 4197 mutuabantur
576 4148 604 4197 ab
622 4148 684 4208 aliis,
702 4165 749 4196 non
768 4153 793 4196 ut
810 4148 907 4195 domum
923 4147 1017 4203 ferrent,
1035 4146 1075 4194 sed
1093 4148 1119 4194 ut
1135 4143 1190 4193 aliis
1208 4144 1254 4193 scl-

95 4235 175 4287 verent,
193 4231 259 4280 velut
276 4235 391 4279 verterent
407 4232 568 4279 creditorem.”
