3084 5128
894 650 958 715 236

337 828 465 916 spitum
501 827 746 916 clientiumque
770 828 960 894 ministeria
983 835 1139 916 coempto
1163 879 1482 896 ...........

336 941 533 1025 largitiones
564 942 728 1007 frumenti
765 943 874 1008 facere
898 942 1045 1008 instituit
1069 943 1274 1031 plebemque
1299 945 1363 1010 hoc
1386 965 1482 1008 mune·

337 1075 372 1120 re
407 1054 622 1141 delini(vit).”
657 1055 681 1141 ¹)
728 1056 778 1120 De
802 1055 848 1120 M.
873 1055 1003 1121 Manlio
1027 1055 1219 1141 Capitolino
1243 1058 1414 1142 cogitetur,
1436 1056 1482 1142 qui

340 1169 604 1249 ,centurionem
629 1167 780 1234 nobilem
799 1169 1005 1236 militaribus
1017 1169 1122 1251 factis,
1136 1170 1327 1235 iudicatum
1341 1171 1482 1256 pecuniae

336 1303 416 1348 cum
440 1283 519 1348 duci
543 1282 690 1363 vidisset,
715 1282 919 1350 vociferatus
946 1326 952 1339 ·
979 1284 1020 1349 de
1045 1283 1204 1370 superbia
1226 1291 1482 1370 patrumaccru-

337 1393 474 1461 delitate
497 1395 749 1461 faeneratorum
773 1402 806 1462 et
828 1396 972 1463 miseriis
995 1395 1104 1483 plebis
1128 1447 1325 1464 .......
1338 1398 1483 1464 inderem

336 1509 494 1574 creditori
527 1508 644 1594 palam
677 1508 805 1596 populo
840 1510 941 1576 solvit
974 1509 1130 1598 libraque
1165 1517 1199 1576 et
1222 1532 1298 1577 aere
1322 1511 1484 1578 liberatum

336 1621 493 1702 emittit,''
520 1643 587 1709 quo
610 1623 698 1688 facto
723 1622 776 1688 vel
799 1624 978 1710 proprium
1000 1645 1103 1690 suurn
1123 1623 1290 1703 ,fundum
1307 1625 1343 1689 in
1357 1624 1483 1702 Veienti,

335 1741 439 1822 caput
472 1735 680 1821 patrimonii,
716 1735 860 1802 subiecit
893 1722 1074 1822 praeconi3
1109 1736 1164 1802 ‘ne
1201 1757 1306 1823 quem
1342 1735 1481 1804 vestrum'

334 1848 458 1935 inquit,
480 1848 651 1927 ‘Quirites
676 1848 783 1915 donec
809 1850 999 1937 quidquam
1024 1850 1061 1914 in
1085 1871 1119 1915 re
1137 1871 1214 1915 mea
1227 1851 1401 1936 supererit,
1413 1849 1482 1914 iudi-

336 1967 452 2028 catum
472 1961 691 2028 addictumve
715 1962 795 2028 duci
818 1963 970 2048 patiar’.''
997 1961 1022 2049 l)
1168 1953 1170 1956 ¹

380 2075 472 2153 Quid
496 2077 605 2142 vero?
651 2075 815 2162 Uterque,
839 2082 872 2142 et
896 2076 952 2162 sp.
977 2075 1121 2141 Maelius
1144 2082 1178 2141 et
1202 2076 1249 2142 M.
1274 2077 1420 2143 Manlius
1438 2075 1485 2141 Ca·

335 2188 499 2275 pitolinus
514 2196 672 2276 ,propter
683 2189 911 2275 suspicionem
924 2191 1021 2274 regni
1033 2189 1215 2277 appetendi
1229 2197 1310 2256 sunt
1322 2188 1453 2257 necati.''
1464 2187 1484 2272 ³)

335 2301 381 2367 M.
420 2302 551 2369 Acilius
574 2302 714 2368 Glabrio
738 2303 866 2383 ,multa
890 2304 1064 2388 congiaria
1086 2303 1262 2385 habuerat,
1285 2304 1408 2390 quibus
1431 2323 1485 2367 ma·

336 2437 442 2500 gnam
465 2422 598 2502 partem
614 2416 796 2481 hominum
815 2415 1013 2501 obligarat.''
1040 2416 1092 2483 Ob
1108 2417 1143 2482 id
1157 2417 1270 2504 ipsum
1283 2426 1406 2498 autem,
1419 2437 1482 2482 cum
1525 2418 1526 2421 ’

337 2528 437 2594 multi
471 2536 505 2594 et
538 2529 620 2596 clari
655 2530 720 2596 viri
743 2551 923 2596 censuram
946 2530 1118 2616 petebant,
1145 2532 1201 2611 ,in
1225 2532 1319 2597 hunc
1354 2530 1486 2596 maxime

336 2644 433 2709 favor
467 2641 584 2729 populi
619 2664 653 2709 se
686 2643 905 2709 inclinabat.''
931 2645 957 2730 ⁴)
1005 2644 1110 2709 Haud
1143 2665 1240 2710 secus
1273 2645 1393 2711 Miloni
1425 2663 1486 2729 pro·

337 2762 413 2843 pter
462 2757 756 2841 magnificentiam
802 2777 987 2822 munerum
1016 2756 1327 2845 liberalitatemque
1363 2763 1486 2823 naturae

337 2870 443 2960 vulgi·
468 2892 507 2936 ac
541 2870 772 2936 multitudinis
802 2871 955 2935 studium
977 2870 1197 2937 conciliatum
1222 2872 1324 2938 fuisse
1348 2871 1487 2956 legimus,

340 3006 445 3072 quare
470 2984 586 3050 Cicero
612 2984 769 3070 sperabat
791 2985 862 3049 fore
884 2990 922 3048 ut
945 2982 1063 3050 consul
1086 2992 1268 3051 crearetur.
1282 2987 1307 3072 ὅ)
1354 2984 1431 3050 Milo
1442 2980 1488 3046 ille

340 3097 480 3183 quidem
505 3097 604 3162 nihili
629 3098 787 3178 vireret,
812 3098 989 3163 seditiosus
1012 3099 1096 3165 civis
1119 3120 1158 3163 ac
1183 3098 1410 3164 turbulentus.
1431 3093 1489 3162 Sal·

338 3208 441 3275 lustio
482 3210 510 3274 si
543 3210 627 3276 fides
661 3211 828 3292 habende,
865 3211 1031 3277 Catilinae
1066 3212 1277 3299 temporibus
1314 3213 1488 3293 ,iuventus

340 3343 427 3409 quae
462 3323 499 3387 in
523 3324 613 3407 agris
636 3345 804 3389 manuum
828 3324 983 3391 mercede
1002 3325 1156 3412 inopiam
1180 3324 1393 3407 toleraverat,
1415 3322 1490 3410 pri·
1523 3347 1524 3398 t

340 3436 470 3502 vatis
504 3442 606 3522 atque
638 3437 783 3523 publicis
805 3437 1174 3522 largitionibus
1197 3439 1310 3504 excita
1333 3438 1489 3504 urbanum

339 3549 448 3616 otium
482 3550 616 3635 ingrato
646 3549 754 3616 labori
777 3551 1015 3637 praetulerat.''
1041 3551 1067 3638 ⁶)
1112 3551 1241 3638 Ecquis
1263 3552 1337 3634 erit,
1363 3552 1419 3639 qui
1440 3549 1489 3614 du-

373 3723 393 3783 ¹)
426 3723 479 3771 lriv.
506 3722 546 3780 IV,
574 3722 613 3781 13,
641 3723 653 3770 l
681 3739 743 3786 seqq.
770 3722 806 3770 Os.
824 3723 895 3771 etiem
912 3722 953 3780 VI,
972 3723 1011 3782 17,
1030 3724 1052 3782 2,
1070 3723 1110 3772 ubi
1129 3723 1173 3788 „ab
1191 3739 1230 3772 ora
1248 3723 1339 3772 civium
1355 3725 1436 3773 famem
1451 3719 1491 3768 suis

337 3805 444 3870 inpensis
461 3805 641 3870 propulsa(ssc)'’
659 3806 739 3854 fertur.

370 3888 389 3950 π)
422 3889 474 3938 Liv.
491 3889 532 3946 VI,
551 3890 589 3945 14,
609 3889 631 3945 3,
650 3891 672 3945 5,
691 3889 731 3937 10.

368 3971 389 4031 ³)
424 3971 473 4020 Cic.
491 3971 555 4020 Phil.
574 3971 607 4030 Il,
625 3974 665 4025 44,
685 3971 740 4020 114.
775 3971 845 4019 Haud
863 3972 981 4035 ambigam
999 3973 1113 4021 meritone
1129 3989 1159 4021 nn
1177 3972 1236 4021 salso
1254 3971 1490 4026 insimulaturus
1522 3967 1523 4040 l

335 4055 387 4118 ipse
404 4054 448 4103 ille
464 4055 568 4118 suspicio
586 4055 711 4102 admodum
729 4055 832 4118 insignis
848 4060 905 4104 crat.

368 4137 388 4197 ⁴)
422 4137 474 4184 Liv.
501 4137 620 4194 XXXVII,
648 4137 687 4195 57,
706 4139 720 4185 9
738 4155 801 4202 seqq.
819 4138 898 4187 Lectio
916 4140 1050 4203 „congiaria
1066 4138 1196 4188 labanat'
1214 4138 1309 4188 ridetur
1326 4157 1374 4190 csse
1388 4139 1490 4199 corrupta

335 4219 394 4268 Vide
412 4219 566 4269 Weisenborn
583 4221 612 4268 ed
629 4220 653 4268 h.
671 4219 688 4270 l.

369 4303 387 4363 ⁵)
422 4301 472 4350 ca.
490 4302 529 4351 Aa
545 4304 611 4352 ram.
629 4303 662 4362 u,
681 4304 703 4360 a,
722 4305 745 4353 e.

365 4386 385 4450 ⁸)
419 4385 477 4435 Sall.
494 4385 545 4436 ca
564 4387 603 4446 37,
621 4387 645 4441 7.
