3122 5130
544 1602 835 1670 PROOEMIUM.

135 1884 206 1948 His
230 1880 444 1968 temporibus
467 1882 606 1948 fortasse
630 1882 726 1948 nulla
750 1890 934 1966 causaest,
961 1906 1049 1971 quae
1074 1905 1135 1970 per
1155 1904 1274 1950 omnes

92 2003 204 2062 terras
248 1993 407 2062 cultiores
440 1995 679 2062 vehementius
712 1996 895 2063 hominum
930 1997 1063 2075 animos
1098 2002 1270 2083 exspecta·

93 2110 190 2176 tione
228 2129 409 2195 suspensos
443 2107 568 2174 habeat
602 2110 827 2198 omniumque
865 2118 936 2176 tam
967 2111 1146 2176 doctorum
1169 2131 1275 2198 quam

94 2223 219 2308 legum
253 2221 413 2302 latorum,
448 2229 520 2288 tam
543 2223 740 2309 principum
764 2246 870 2310 quam
893 2223 1113 2311 popularium
1135 2223 1275 2308 ingenia

95 2342 270 2416 exerceat,
307 2357 412 2422 quam
445 2336 608 2422 opificum
639 2336 889 2424 hominumque
913 2338 1053 2404 infimae
1077 2337 1174 2402 sortis
1197 2358 1274 2402 oon-

95 2451 199 2531 dioio,
239 2447 364 2536 quibus
393 2449 565 2529 „celeriter
588 2471 658 2516 esse
682 2457 784 2536 atque
809 2458 1001 2538 opportune
1026 2450 1275 2516 consulendum

94 2563 322 2629 consentiunt
356 2563 517 2642 universi,
553 2583 633 2628 oum
655 2585 733 2649 pars
756 2565 910 2630 maxima
932 2565 969 2628 in
993 2565 1116 2629 misera
1138 2563 1275 2629 calami·

95 2685 244 2762 tosaque
280 2676 324 2740 fo:
335 2681 416 2740 tuna
438 2675 579 2760 indigne
602 2679 812 2743 vorsentur.”
841 2677 865 2765 ¹)
911 2677 958 2743 At
981 2678 1042 2764 qui
1065 2682 1163 2763 pute-t
1185 2677 1274 2742 hano

96 2789 341 2876 quaestionem
371 2810 503 2856 novum
527 2790 611 2875 quid
635 2811 715 2871 esse,
739 2791 767 2856 is
789 2791 1013 2857 vehementer
1026 2796 1125 2856 errat.
1149 2790 1275 2868 Quam·

96 2905 160 2969 diu
197 2902 265 2968 fuit
299 2902 481 2970 hominum
516 2903 666 2984 societas,
698 2925 741 2968 ex
778 2926 846 2990 quo
881 2926 933 2970 res
957 2905 1131 2969 humanae
1154 2902 1275 2969 litteris

98 3016 269 3083 custodiri
303 3023 441 3102 coeptae
476 3023 565 3098 sunt,
590 3038 733 3103 semper,
759 3019 917 3104 quamvis
940 3019 1069 3084 formae
1091 2997 1273 3098 variarent,

97 3132 136 3195 in
174 3129 316 3195 easdem
351 3129 565 3215 quaestiones
589 3129 782 3197 incidimus,
829 3131 930 3210 Quod
955 3137 988 3197 et
1011 3131 1053 3197 de
1078 3129 1153 3196 aliis
1175 3129 1276 3196 rebus

97 3243 292 3310 dicendum
347 3249 381 3308 et
424 3242 595 3328 imprimis
640 3243 680 3309 de
715 3226 917 3309 inferiorum
958 3243 1141 3310 hominum
1175 3248 1274 3310 sorte.
1360 3320 1363 3325 ¹

98 3354 396 3441 Quandoquidem
428 3362 544 3421 autem
575 3356 689 3426 ,Roma
722 3355 803 3422 urbs
840 3357 1033 3443 permulta
1056 3355 1277 3423 saeculasuit

99 3471 226 3556 regina
249 3491 288 3534 ae
311 3469 453 3534 domina
476 3469 566 3535 orbis
590 3477 767 3552 terrarum,
792 3478 826 3536 et
848 3471 1006 3536 Romana
1028 3471 1105 3536 iura
1120 3470 1277 3536 instituta

101 3605 220 3650 mores
254 3604 297 3648 ne
332 3604 400 3669 quo
426 3583 576 3650 vivimus
601 3584 741 3669 quidem
763 3590 916 3670 tempore
942 3584 1052 3650 deleta
1075 3589 1164 3666 sunt,
1190 3583 1277 3648 mihi

101 3719 179 3764 non
212 3696 397 3781 indignum
434 3696 548 3763 visum
571 3703 620 3762 est
642 3697 814 3784 inquirere
837 3698 875 3762 in
898 3719 1065 3784 pauperes
1088 3718 1276 3783 eorumque

102 3810 347 3878 condicionem
368 3809 406 3873 in
429 3809 572 3896 imperio
595 3810 762 3892 Roman0,
786 3817 825 3876 ut
849 3811 1069 3898 perspicuum
1085 3810 1181 3876 fieret
1192 3832 1279 3876 num

104 3931 141 3990 et
176 3923 350 4010 quomodo
385 3929 418 3988 et
453 3922 577 4009 quibus
611 3923 720 3989 causis
755 3924 894 3990 adduoti
926 3923 1075 3989 Romani
1101 3923 1280 4008 egentibus

147 4181 165 4246 ¹)
184 4183 222 4236 Oi.
240 4181 329 4234 Iaeonis
346 4181 423 4246 Papae
439 4181 500 4231 XIII
517 4181 618 4232 Litteras
635 4182 775 4248 Enoyolioes
786 4182 1099 4262 DoOonditiongOpifioum
1109 4185 1161 4245 (nd.
1171 4183 1282 4249 Friburg.

109 4281 163 4330 pag.
173 4268 205 4330 9).
