3040 5134
535 1788 655 1856 (imur
677 1788 723 1856 ΙΙ.

405 2014 454 2083 De
470 2016 601 2103 faenore
622 2013 851 2083 Βααιααοαααι.

83 2259 262 2340 Nationes,
299 2278 386 2345 quae
421 2257 458 2324 in
492 2279 527 2324 re
561 2257 758 2345 pecuniaria
797 2258 889 2345 apud
917 2262 1049 2325 veteres
1070 2257 1215 2345 populos

44 2371 298 2457 praevalebant,
324 2393 345 2436 a
367 2371 490 2438 nostris
513 2370 705 2459 plurimum
728 2371 932 2458 discrepant.
956 2371 1050 2450 Quas
1062 2371 1214 2456 cognitas

44 2485 167 2552 habere
204 2506 340 2552 necesse
365 2491 424 2568 est,
445 2486 472 2552 si
496 2485 633 2551 crebras
656 2484 749 2570 leges
773 2483 897 2572 quibus
920 2483 1070 2550 Romani
1094 2504 1214 2550 usuras

45 2600 197 2665 minuere
211 2599 325 2665 conati
337 2605 468 2681 suntet
478 2597 675 2684 intellegere
688 2603 722 2663 et
733 2597 820 2664 iuste
832 2597 982 2664 iudicare
996 2596 1090 2664 velis.
1104 2597 1213 2664 Testis

46 2713 85 2778 sit
111 2711 321 2794 Aristotelea,
355 2734 423 2800 quo
446 2711 567 2778 altiora
589 2713 626 2776 in
650 2732 766 2777 rerum
789 2709 1075 2797 contemplatione
1101 2711 1213 2776 studia

46 2847 145 2892 nemo
158 2846 202 2891 ex
214 2825 366 2912 antiquis
377 2826 500 2912 posuit.
525 2825 631 2891 Cuius
654 2824 758 2891 verba
771 2824 956 2911 quominus
967 2845 1214 2911 nonnusquam

47 2938 227 3024 paululum
250 2939 403 3032 praecisa
426 2938 617 3005 describam
639 2975 683 2986 -—
707 2959 751 3003 ex
774 2938 929 3006 versione
954 2937 1087 3018 Latina,
1108 2959 1214 3024 quam

48 3052 153 3117 edidit
175 3051 362 3127 Academia
385 3053 480 3137 regia
502 3051 682 3118 Borussica
707 3050 850 3115 —mihi
865 3056 1054 3136 temperare
1068 3071 1213 3138 nequeo.

49 3165 278 3232 Inveniuntur
310 3165 348 3230 in
372 3165 483 3252 primo
506 3164 593 3231 libro
618 3185 723 3251 quem
746 3164 879 3250 scripsit
902 3163 943 3229 de
967 3185 1002 3229 re
1026 3163 1173 3250 publica.
1188 3163 1214 3252 ¹)

89 3278 231 3345 „Primum
263 3279 435 3337 dubitaverit
466 3279 569 3355 aliquis
600 3284 694 3336 utrum
726 3278 799 3334 ratio
829 3277 966 3354 pecuniae
987 3279 1164 3354 quaerendae
1186 3279 1208 3351 (²

50 3360 282 3436 χρηματιστικὴ)
314 3360 413 3416 eadem
433 3360 470 3417 sit
490 3366 574 3435 atque
595 3358 636 3416 roi
660 3358 808 3415 familiaris
828 3358 949 3415 tuendae
970 3358 1042 3414 ratio
1063 3359 1091 3431 (ἡ
1110 3356 1215 3419 οἰκονο-

50 3439 140 3512 μική),
160 3458 194 3495 an
214 3458 280 3516 pars
300 3440 404 3516 aliqua,
426 3459 461 3496 an
483 3440 543 3496 eius
564 3437 758 3496 administra.’'

92 3543 180 3606 Tum
210 3543 358 3608 ostendit
380 3565 450 3608 non
473 3543 564 3608 idem
589 3564 658 3607 esse
682 3542 850 3608 rationem
873 3541 1020 3606 tuendae
1044 3541 1093 3606 rei
1117 3542 1214 3605 fami-

50 3654 142 3719 liaris
173 3661 275 3742 atque
311 3661 420 3721 artem
451 3656 615 3742 pecuniae
639 3655 874 3743 quaerendae:
899 3655 1002 3720 huius
1026 3654 1119 3720 anim
1144 3675 1214 3721 esse

52 3769 272 3853 suppeditare,
296 3768 389 3834 illius
412 3770 463 3834 uti
475 3793 482 3851 ;
508 3775 542 3835 et
564 3769 697 3855 pergit:

96 3881 232 3947 ,rVivendi
265 3902 378 3958 genera,
411 3903 481 3959 quae
513 3883 629 3959 quidem
660 3902 745 3959 opera
776 3882 870 3940 nativa
892 3885 1021 3937 constent
1041 3876 1213 3956 (αὐτόφυτον

55 3958 151 4038 ἔχουσι
169 3961 221 4027 τὴν
241 3959 395 4037 ἐργασίαν)
417 3969 445 4021 et
464 3983 522 4020 non
543 3964 748 4040 permutatione
760 3969 807 4020 aut
819 3960 1023 4037 cauponatione
1035 3960 1214 4037 victumsup-

57 4039 187 4116 peditent,
207 4043 276 4100 haec
297 4043 356 4100 fere
377 4050 451 4112 sunt,
466 4043 638 4120 pecuarium,
650 4044 679 4099 in
691 4062 759 4117 agro
770 4041 889 4099 colendo
901 4045 1076 4116 occupatum,
1089 4039 1119 4098 in
1130 4040 1214 4097 latro-

58 4121 176 4177 cinando
196 4124 328 4199 positum,
350 4123 542 4200 piscatorium,
565 4123 722 4180 venaticum
745 4164 902 4180 ......
923 4139 979 4176 una
1000 4120 1087 4195 igitur
1107 4121 1215 4198 species

62 4238 246 4252 u——Q—

72 4287 283 4353 acapna-11,
303 4311 355 4359 pag.
373 4293 438 4343 125⁶
456 4308 519 4356 se‹rr-
