3040 5134
860 557 924 624 162

305 758 366 804 cac.
379 734 405 823 ι)
426 737 522 803 Inter
544 736 633 802 hanc
645 735 862 821 largitionem
875 740 908 801 et
920 735 1079 821 antiquas
1090 733 1372 800 frumentationes
1383 731 1466 798 simi·

304 849 413 916 litudo
436 855 532 916 tanta
554 856 613 931 est,
639 855 677 915 ut
702 871 723 914 a
745 849 954 916 Gotholredo
979 853 1142 936 perpetuo
1159 847 1463 914 conlundividean·

305 969 371 1028 tur.
395 963 473 1029 Non
497 983 593 1029 secus
604 968 707 1050 atque
718 963 753 1027 in
768 961 1091 1028 frumentationibus
1102 961 1194 1027 illius
1205 961 1305 1047 panis
1316 959 1464 1026 distribu-

306 1076 386 1144 endi
408 1076 518 1162 gratia
541 1076 717 1161 „figendus
739 1075 837 1172 (erat)
861 1097 996 1156 aeneus,
1022 1075 1060 1140 in
1077 1096 1182 1161 quem
1195 1080 1229 1140 et
1241 1074 1339 1161 panis
1353 1073 1464 1139 modus

305 1195 340 1257 et
362 1189 579 1277 percipientis
602 1211 729 1256 nomen
753 1188 925 1276 debeb(a)t
945 1188 1083 1255 incidi.’'
1109 1187 1135 1274 9)
1159 1188 1208 1255 Ut
1220 1187 1344 1254 Caesar
1359 1186 1462 1265 „insti-

305 1303 381 1380 tuit
409 1310 493 1389 quot
515 1303 614 1369 annis
636 1303 673 1367 in
696 1303 954 1370 demortuorum
978 1301 1093 1367 locum
1115 1323 1160 1367 ex
1182 1301 1232 1382 iis,
1259 1301 1320 1388 qui
1345 1299 1462 1366 recensi

307 1437 378 1482 non
412 1421 533 1497 essent,
565 1415 760 1482 subsortitio
794 1437 814 1481 a
838 1421 991 1502 praetore
1017 1415 1144 1496 fieret,''
1169 1413 1195 1502 8)
1218 1415 1266 1480 ita
1289 1415 1325 1479 in
1350 1414 1460 1481 Codice

306 1529 542 1596 Theodosiano
565 1529 732 1614 legimus:
761 1529 816 1609 „Si
844 1529 985 1616 quidem
1008 1529 1136 1594 iustum
1161 1535 1219 1610 est,
1245 1535 1284 1594 ut
1306 1528 1343 1593 in
1356 1549 1461 1615 perpe·

307 1648 407 1708 tuum
431 1662 532 1708 suum
556 1643 700 1730 quisque
725 1643 885 1724 detineat,
907 1650 940 1708 et
963 1664 1024 1729 per
1044 1642 1271 1709 succedaneos
1290 1642 1379 1708 vices
1398 1661 1462 1727 pro

307 1755 402 1843 prius
432 1755 514 1822 ordo
538 1757 683 1822 teneat.'’
709 1757 735 1843 4)
781 1757 852 1822 Nec
877 1755 1012 1822 fraudes
1036 1756 1091 1822 hic
1115 1755 1266 1821 deerant.
1313 1755 1461 1840 Legimus

308 1870 426 1936 enim:
453 1870 517 1950 „Et
538 1870 566 1936 si
587 1870 631 1936 ad
653 1875 790 1936 tantum
814 1869 958 1936 alicuius
981 1869 1153 1936 temeritas
1176 1869 1336 1955 eruperit,
1362 1875 1397 1932 ut
1411 1871 1461 1931 aut

308 2005 369 2071 per
401 2005 435 2050 se
470 1990 530 2049 aut
560 2005 620 2070 per
654 1983 806 2071 aliquem
840 2005 980 2050 suorum
1015 1982 1079 2049 sibi
1111 1981 1264 2069 quolibet
1299 1981 1396 2048 modo
1416 1980 1461 2044 ius

308 2097 406 2185 panis
439 2097 537 2163 istius
570 2103 672 2185 atque
707 2118 824 2163 aereae
860 2096 995 2163 tabulae
1030 2117 1132 2162 suum
1166 2095 1314 2163 voluerit
1349 2114 1461 2160 nomen

308 2210 464 2292 inserere,
499 2230 603 2298 supra
637 2210 735 2276 dictis
757 2209 1015 2277 condicionibus
1037 2208 1256 2276 subiacebit.''
1283 2209 1308 2296 ὅ)
1353 2209 1460 2293 ltaque

308 2324 421 2390 nescio
445 2345 489 2390 an
513 2325 738 2411 posteriorum
761 2330 956 2411 temporum
978 2322 1262 2389 frumentationes
1285 2321 1397 2408 aliqua
1416 2340 1461 2384 ra·

309 2437 401 2504 tione
436 2458 480 2502 ex
514 2437 660 2503 annonis
693 2437 809 2504 civicis
839 2443 873 2503 et
896 2458 984 2524 pane
1003 2435 1126 2522 gradili
1138 2435 1355 2522 interpretari
1365 2433 1460 2499 liceat.

309 2550 374 2616 Vel
399 2551 520 2637 potius,
545 2572 625 2617 cum
648 2551 717 2618 iam
741 2551 968 2616 Aurelianum
992 2571 1098 2637 panes
1121 2549 1249 2636 populo
1268 2547 1460 2614 distribuisse

309 2663 473 2750 legamus,
509 2663 552 2730 ab
586 2657 751 2730 illoram
787 2670 990 2751 repetamus.
1048 2663 1216 2749 Vopiscus
1238 2663 1276 2726 in
1299 2656 1461 2727 Aureliani

310 2778 401 2846 vita:
440 2779 609 2859 „Coronas
633 2799 724 2868 eum
747 2778 863 2844 fecisse
888 2777 929 2843 de
950 2776 1106 2864 panibus
1130 2776 1190 2863 qui
1216 2796 1308 2840 nunc
1331 2771 1462 2858 siliginei

310 2898 487 2974 uocantur,
519 2899 553 2958 et
587 2891 729 2976 singulis
757 2891 949 2978 quibusque
972 2891 1124 2971 donasse,
1150 2890 1198 2954 ita
1221 2895 1260 2954 ut
1283 2888 1461 2974 siligineum

311 3027 412 3072 suum
447 3005 569 3071 cotidie
604 3011 674 3070 toto
710 3026 795 3070 aeuo
829 3026 889 3071 suo
921 3004 1157 3090 unusquisque
1191 3008 1224 3068 et
1255 3002 1416 3089 acciperet
1436 3003 1464 3062 et

311 3119 453 3206 posteris
484 3119 553 3184 suis
586 3118 801 3184 dimitteret.'’
828 3117 853 3205 6)
899 3117 981 3184 Tale
1013 3117 1096 3204 quid
1119 3115 1308 3182 absurdum
1332 3119 1418 3194 esset,
1441 3111 1465 3175 si

312 3253 382 3299 non
416 3232 482 3297 nisi
516 3238 653 3316 egentes
686 3231 867 3316 significati
901 3237 1021 3297 essent.
1067 3230 1152 3310 Quis
1181 3229 1275 3295 enim
1303 3229 1464 3316 procerte

313 3344 504 3354 ———1—---

312 3379 337 3428 di
354 3379 515 3444 appartenenti
532 3379 555 3427 al
572 3378 672 3442 collegio
689 3395 701 3426 s
718 3380 803 3444 quindi
821 3379 915 3444 godenti
929 3379 974 3426 essi
983 3393 1042 3442 pure
1051 3375 1089 3426 del
1098 3375 1212 3425 bsneficio
1221 3391 1330 3423 concesso
1339 3375 1362 3424 ai
1370 3370 1465 3438 genitori,

312 3479 353 3528 per
369 3463 406 3512 cui
425 3461 621 3526 implicitamente
638 3462 658 3511 si
675 3467 789 3526 potevano
806 3463 952 3511 considerare
968 3477 1033 3510 rome
1050 3463 1115 3524 parte
1131 3459 1169 3508 del
1187 3457 1286 3522 collegio
1304 3457 1398 3506 stesso.’'

348 3549 368 3607 ¹)
402 3545 449 3594 Hic
474 3545 542 3610 panis
567 3545 625 3608 quid
650 3546 721 3594 luerit
746 3547 859 3594 discimus
885 3561 912 3594 ex
940 3545 996 3594 Ood.
1023 3543 1110 3592 Theod.
1136 3541 1199 3600 XIV,
1223 3540 1263 3599 17,
1281 3542 1323 3604 qui
1342 3537 1466 3589 inscribitur

313 3629 349 3680 oe
373 3629 475 3678 annno
500 3629 583 3678 aveas
607 3632 629 3678 a
654 3615 720 3693 p...
733 3629 833 3692 μακε).
869 3625 1206 3681 0f.etiamcod.1ust.'xl,
1226 3623 1257 3672 as
1276 3623 1336 3686 (aa).
1369 3618 1466 3671 aratus

312 3713 400 3763 dicitur
424 3729 438 3762 a
461 3713 572 3776 gradibus
595 3713 623 3762 de
648 3712 735 3776 quibus
764 3712 949 3761 ministrabatur.
983 3711 1100 3759 Anaoaaa
1124 3709 1212 3758 civica
1237 3706 1382 3773 appellantur
1404 3701 1466 3752 ctiam

313 3813 423 3846 annonae
449 3797 529 3846 civiles
554 3796 621 3858 (Ood.
648 3797 706 3845 lust.
729 3794 746 3844 l.
765 3795 791 3855 l.)
810 3795 860 3844 sive
876 3810 986 3843 annonae
999 3793 1110 3857 publicae
1128 3792 1196 3852 (ibid.
1216 3792 1243 3850 l;
1262 3791 1319 3840 Ood.
1337 3787 1417 3837 Theod.
1433 3782 1465 3832 l.l.

314 3881 363 3942 13),
379 3880 437 3930 item
454 3879 595 3945 simpliciter
611 3895 720 3928 annonae
736 3878 804 3940 (ibid.
823 3877 854 3936 7;
873 3878 904 3935 8;
929 3877 976 3934 12;
995 3876 1043 3934 13;
1062 3876 1110 3936 14).

346 3964 366 4026 ²)
400 3963 458 4012 (lod.
476 3963 563 4012 Theod.
587 3961 604 4011 l.
623 3962 639 4010 l.
660 3964 681 4010 t.

346 4047 367 4108 8)
400 4047 462 4096 Suet.
480 4045 527 4094 Iul.
544 4045 585 4094 41.

347 4131 367 4189 ⁴)
401 4128 561 4178 uolutat.
580 4127 597 4176 l.
615 4127 632 4177 l.
651 4128 673 4180 7.

349 4213 368 4272 ι)
401 4211 459 4260 cod.
476 4210 563 4260 Tbsod.
581 4210 599 4261 l.
617 4210 634 4260 l.
653 4213 675 4259 t.

348 4296 368 4357 ο)
401 4294 494 4362 Vopisc.
511 4293 594 4344 sorel.
612 4295 653 4353 st,
669 4295 691 4344 1.
726 4293 763 4346 Oi.
781 4294 851 4343 stiam
868 4309 921 4357 pag.
933 4252 986 4340 Ι135
1005 4307 1060 4340 curn
1076 4290 1130 4339 adn.
1149 4289 1172 4340 t.
