3084 5128
640 603 704 668 281

92 781 140 847 ib.
176 783 263 868 113),
287 781 343 850 vel
367 780 433 847 alio
459 779 626 847 vocabulo
649 781 826 847 interiecto
838 782 873 846 in
891 781 1007 861 ,exsul
1020 781 1123 848 orbus
1135 782 1259 867 egens’'

92 894 172 978 (Cic.
206 895 258 961 De
292 895 368 960 Fin.
392 895 436 972 V,
461 895 513 974 28,
538 896 605 981 84),
633 893 733 973 „exul
757 895 867 980 patria
890 894 1003 975 dom0,
1027 894 1118 960 solus
1156 900 1259 982 atquc

92 1008 246 1073 omnium
277 1009 497 1074 honestarum
524 1007 786 1092 rerumegens”
811 1007 1000 1092 (Setting.
1026 1005 1078 1089 14,
1105 1008 1170 1094 17),
1194 1014 1259 1078 etc.

92 1121 134 1186 H.
167 1120 199 1187 J.
236 1120 371 1201 Miiller,
415 1121 476 1207 qui
510 1127 586 1207 post
619 1129 766 1186 mortem
789 1121 854 1187 viri
878 1121 1065 1188 doctissimi
1090 1121 1257 1188 Weissen-

92 1233 184 1313 born,
224 1235 329 1300 huius
366 1234 549 1300 Livianam
584 1233 770 1300 editionem
805 1220 939 1319 saepius
976 1235 1184 1318 recognovit,
1220 1235 1257 1300 in

90 1346 292 1433 explicando
328 1346 402 1413 loco
436 1346 575 1412 laudato
612 1369 723 1433 nuper
757 1346 1004 1431 Landgrafium
1038 1353 1173 1414 secutus
1196 1353 1257 1417 est.

90 1460 208 1526 Nescio
240 1483 285 1526 an
309 1482 500 1546 perperam.
548 1461 764 1544 Argumenta
787 1461 890 1525 huius
913 1461 956 1526 ad
979 1460 1257 1546 persuadendum

89 1595 210 1660 parum
235 1573 347 1640 valere
373 1574 456 1638 mihi
483 1573 653 1639 videntur.
701 1574 842 1639 Accedit
865 1573 958 1659 quod
987 1595 1158 1661 nusquam
1174 1573 1256 1640 alibi

88 1695 145 1752 aut
167 1709 258 1772 egeas
280 1693 341 1752 aut
353 1689 487 1752 extorris
499 1709 580 1752 curn
593 1687 844 1772 praepositione
856 1709 891 1752 ca
903 1687 1125 1752 coniunctum
1138 1709 1254 1754 occur·

87 1821 157 1866 rere
193 1799 340 1865 videtur.
388 1799 496 1886 Saepe
519 1801 651 1866 extorris
673 1799 765 1886 apud
789 1799 929 1866 Livium
956 1801 1141 1881 invenitur,
1172 1823 1257 1867 sem·

87 1933 146 1998 per
169 1933 251 1979 vero
275 1919 335 1978 aut
357 1934 437 1978 cum
460 1912 530 1978 solo
554 1912 703 1980 ablativo
727 1919 787 1978 aut
810 1912 962 1979 absolute
979 1914 1139 1999 positum.
1164 1915 1256 1992 Quid

87 2025 224 2091 multa?
269 2025 448 2110 Landgraf
468 2027 621 2092 conferre
643 2026 738 2091 iubet
760 2025 915 2104 verbum,
942 2026 1034 2112 quod
1057 2035 1107 2091 cst
1129 2049 1255 2111 operere,

86 2138 179 2224 quod
213 2139 378 2225 scriptum
402 2138 486 2205 dicit
508 2161 569 2224 pro
593 2161 738 2224 raperere.
784 2140 862 2217 Qua
885 2140 926 2204 de
951 2162 987 2205 re
1011 2141 1191 2225 quiscum
1215 2161 1255 2206 eo

85 2251 297 2317 contendat?
342 2254 390 2317 At
423 2253 548 2337 fugisse
585 2273 663 2318 curn
696 2253 840 2330 videtur,
867 2252 1076 2338 ubicumque
1099 2275 1114 2318 e
1136 2275 1198 2338 pro
1221 2276 1257 2319 ea

85 2365 251 2452 scriptum
286 2365 338 2446 sit,
375 2366 438 2431 hoc
473 2388 489 2431 e
522 2365 665 2449 longum
700 2387 780 2445 esse,
816 2366 852 2428 in
875 2387 964 2450 opens
987 2388 1067 2431 voro
1092 2366 1205 2432 breve.
1229 2365 1256 2453 ¹)

84 2477 266 2544 Praeterea
299 2477 387 2543 nihil
424 2465 577 2563 impedit,
615 2478 799 2564 quominus
833 2479 869 2542 in
902 2478 977 2544 loco
1006 2478 1145 2545 laudato
1165 2480 1256 2546 Livii

85 2590 191 2657 verba
228 2613 291 2670 „ex
326 2598 420 2657 tanto
456 2592 557 2656 modo
582 2593 706 2674 regno'¹
731 2592 997 2677 interpretemur
1023 2593 1157 2672 ,statim
1180 2601 1256 2680 post

85 2709 222 2769 tanturn
256 2705 434 2789 regnum.''
481 2705 581 2782 Quod
605 2705 699 2769 enim
722 2704 900 2789 Landgraf
920 2704 1011 2784 dicit,
1036 2727 1151 2790 regern
1175 2708 1256 2773 Tar·

87 2817 246 2902 quinium
284 2818 374 2896 ,sine
410 2818 519 2882 terra''
556 2818 668 2897 fuisse,
704 2839 773 2882 non
811 2817 902 2896 „sine
931 2818 1108 2903 pecunia,'’
1131 2841 1253 2905 parum

88 2929 153 2995 huc
176 2930 268 3010 facit,
293 2931 376 3017 quia
398 2952 487 3016 egens
510 2938 580 2996 tarn
604 2930 671 2996 late
696 2937 798 3016 patet,
823 2937 861 2994 ut
874 2930 1050 2996 hominem
1063 2931 1253 3015 significare

89 3044 198 3126 possit,
223 3044 321 3109 cuius
345 3065 397 3109 res
418 3045 455 3109 in
479 3045 613 3128 maguis
637 3043 895 3109 difficultatibus
914 3051 1102 3109 versentur.

129 3269 296 3348 Quotiens
319 3269 536 3354 distinguunt
560 3271 673 3336 Latini
686 3271 865 3356 scriptores
877 3271 966 3335 iuter
973 3293 1097 3357 pauper
1109 3273 1255 3358 (pauper-

91 3426 280 3438 *nnn-.—

122 3495 138 3556 ¹)
171 3497 195 3544 E
218 3496 321 3545 litteram
350 3497 375 3545 in
401 3513 470 3560 egena
489 3499 580 3546 brevem
598 3514 647 3546 esse
665 3498 720 3546 satis
737 3502 834 3554 constat,
853 3500 924 3563 idque
943 3499 980 3547 vel
998 3499 1028 3546 iis
1044 3499 1109 3554 locis,
1128 3499 1169 3546 ubi
1187 3514 1256 3561 eqear

89 3592 139 3625 cum
165 3580 238 3628 altero
265 3579 376 3628 vocabulo
403 3581 556 3628 coniunctum
580 3585 615 3628 est
631 3581 692 3628 idem
713 3581 749 3628 vel
767 3583 813 3628 sere
831 3582 893 3629 idern
911 3581 1042 3629 declarante
1059 3585 1129 3644 atque
1146 3581 1254 3631 extorris.

89 3657 107 3704 Ε
132 3663 204 3724 poetis
230 3666 341 3726 quattuor
366 3663 482 3710 eiusmodi
508 3663 571 3711 locos
597 3664 664 3711 affert
690 3663 812 3726 Landgraf,
839 3665 898 3711 duos
915 3681 927 3711 e
945 3663 1048 3725 Vergilio
1065 3665 1133 3722 (Aen.
1150 3663 1170 3721 I,
1189 3663 1253 3712 384:

91 3740 156 3803 ,Ipse
172 3745 267 3808 ignotus
284 3761 352 3806 egeus
370 3745 457 3808 Libyae
474 3745 564 3793 deserta
582 3745 702 3808 peragro.’'
720 3773 751 3782 -—
770 3753 792 3793 et
809 3747 867 3802 1111,
886 3747 934 3797 373
952 3761 1015 3808 seq.:
1035 3746 1158 3809 „Eiectum
1177 3745 1253 3804 litore,

88 3833 189 3885 egenam
207 3827 337 3890 Excepi.''),
355 3828 382 3875 de
400 3828 486 3891 quibus
505 3827 573 3876 nullo
591 3829 659 3876 modo
676 3829 780 3876 dubitari
798 3828 879 3892 possit.
914 3829 976 3875 Tum
994 3828 1047 3875 Seu.
1067 3827 1129 3875 Med.
1140 3827 1179 3885 20,
1189 3843 1253 3890 seq.:

90 3906 179 3968 „Vivat
200 3926 241 3974 per
268 3910 337 3957 urbes
356 3917 417 3958 erret
435 3911 526 3973 ignotas
545 3927 622 3974 egens,
641 3910 710 3966 Exul,
728 3927 822 3974 pavens,
841 3911 941 3968 invisus,
960 3910 1043 3958 incerti
1061 3909 1142 3957 laris.”
1162 3910 1252 3958 -ubi

88 4003 153 4048 efferre
177 3998 213 4041 est
238 3998 369 4056 postremus
396 4010 435 4056 pes
463 4010 543 4041 versus
569 3995 653 4042 senarii
680 3994 791 4049 iambici;
815 3993 839 4040 in
859 3993 945 4041 ultimo
962 3993 1019 4056 pede
1035 3997 1113 4040 autem
1132 4009 1253 4056 nunquam

87 4074 212 4133 spontem
231 4091 272 4139 pro
290 4075 367 4123 iambo
384 4076 494 4124 collocari
512 4077 567 4124 satis
585 4081 638 4124 nota
657 4076 693 4124 lex
711 4080 753 4125 est.
771 4076 817 4136 (Cf.
836 4076 906 4138 Hugo
924 4075 1045 4123 Gleditsch
1063 4075 1086 4122 in
1107 4076 1148 4124 Iw.
1165 4075 1253 4125 v.M.'s

88 4151 178 4207 Hsudb.
196 4158 302 4222 Il'Jpag.
321 4158 386 4219 825.)
404 4159 483 4207 Restat
500 4159 579 4207 Pleut.
597 4159 658 4208 Rud.
676 4159 724 4207 409
738 4175 784 4221 seq.
795 4161 835 4218 (τε
845 4159 878 4214 ΙΙ,
889 4159 912 4216 3,
922 4158 952 4210 78
963 4161 1019 4220 seq.)
1030 4179 1034 4204 :
1046 4157 1175 4220 ,Timidus
1184 4174 1252 4220 egen·

1 4232 2 4270 i
87 4236 136 4295 teis,
153 4237 244 4297 duidas,
261 4238 352 4298 eiectas,
369 4240 511 4289 exanimatas
529 4240 625 4305 Accepit
643 4243 672 4289 ad
689 4241 762 4290 sese.''
780 4241 846 4303 Effera
865 4241 908 4288 hoc
923 4241 974 4288 loro
984 4247 1018 4288 est
1027 4242 1143 4288 secundus
1152 4257 1191 4305 pes
1202 4256 1252 4288 ver·

1 4355 2 4382 5
87 4332 125 4367 sus
142 4323 264 4386 septenarii
283 4323 386 4381 iambici,
403 4324 444 4387 qui
462 4339 514 4372 raro
532 4324 591 4371 solet
608 4340 656 4371 esse
668 4324 792 4386 spondeus.
801 4323 847 4382 (Cf.
861 4325 929 4385 tingo
938 4323 1060 4372 Gladitsch
1070 4323 1087 4371 l.
1097 4323 1114 4372 l.
1124 4340 1175 4387 pag.
1186 4323 1252 4384 827.)

1123 4417 1164 4480 19
