3084 5128
870 532 935 599 210

320 711 504 792 10222-;
529 711 659 798 priores
688 711 782 778 enim
805 711 907 778 fuisse
932 710 1485 799 6666111611611616611166616·

322 826 550 914 tiooaattjtoop,
574 825 636 891 has
659 847 740 892 vero
763 827 830 892 6166
844 826 1253 912 Frumentutioceattftuap.
1289 826 1483 912 Magispro·

320 939 407 1005 fecto
428 960 534 1025 quam
555 939 659 1025 vulgo
683 939 720 1004 fit
744 938 909 1006 Rodberti
933 945 1218 1024 argumentorum
1230 939 1317 1006 ratio
1330 938 1479 1006 habenda

320 1051 465 1118 videtur.
511 1053 541 1117 E
575 1053 795 1137 Digestorum
828 1052 910 1118 loeis
944 1051 1137 1119 exscribam
1160 1053 1316 1121 iavoleni
1341 1053 1478 1120 testimo·

320 1166 428 1246 nium,
465 1165 557 1253 quod
591 1165 678 1232 mihi
712 1165 852 1252 quidem
881 1166 1069 1233 admodum
1092 1188 1196 1252 grave
1220 1173 1271 1234 ost
1298 1205 1343 1216 -
1366 1165 1483 1234 iavole·

320 1301 405 1344 num
428 1278 567 1345 illorum
589 1279 742 1365 ipsorum
765 1280 1012 1366 imperatorum
1036 1279 1217 1367 aequalem
1239 1280 1343 1347 161666
1357 1299 1479 1358 moneo,

321 1392 380 1478 qui
405 1392 447 1472 16
462 1392 582 1478 primis
604 1392 641 1457 16
665 1392 837 1459 alimentis
859 1414 977 1459 curam
1001 1392 1254 1461 adhibuerunt:
1278 1399 1380 1460 natus
1395 1392 1478 1460 enim

320 1511 370 1572 est
402 1527 432 1571 6.
467 1507 510 1571 79
545 1512 578 1572 61
610 1512 766 1572 mortuus
789 1527 819 1572 6.
845 1508 909 1572 138
933 1530 965 1594 p.
990 1507 1070 1574 Chr.
1096 1530 1129 1574 n.
1153 1530 1218 1574 —:
1246 1504 1477 1593 ,1636116611-

320 1618 444 1685 mentis
478 1617 606 1685 cibaria
628 1626 662 1686 et
685 1621 827 1687 vestitus
850 1627 884 1686 et
906 1619 1073 1687 habitatio
1097 1620 1286 1702 debebitur,
1311 1621 1393 1709 quia
1412 1619 1475 1685 6166

227 1735 230 1739 ’
320 1731 373 1798 his
396 1731 442 1798 611
465 1753 587 1818 corpus
610 1755 679 1799 non
703 1739 833 1819 potest:
857 1742 970 1801 cetera
994 1756 1081 1821 quae
1105 1735 1148 1813 61
1172 1733 1389 1822 disciplinam
1410 1753 1474 1819 per·

319 1845 430 1912 tinent
462 1845 574 1933 legato
609 1867 679 1912 666
713 1847 964 1914 continentur.''
1002 1847 1026 1933 ¹)
1055 1847 1227 1935 Equidem
1251 1847 1343 1914 hane
1366 1845 1477 1914 enoda-

318 1960 448 2026 tionem
480 1981 643 2047 propono.
690 1961 766 2027 Non
799 1981 918 2028 omnes
941 1961 1148 2027 alimentarii
1170 1961 1269 2047 pueri
1293 1967 1328 2028 et
1351 1959 1473 2048 puellae

319 2095 388 2140 uno
424 2074 543 2140 ordine
578 2073 729 2140 habendi
763 2075 933 2141 videntur.
966 2073 1138 2141 Omnes
1160 2074 1394 2162 percipiebant
1415 2074 1476 2138 fru-

320 2194 476 2254 mentum
500 2208 630 2274 —quo
653 2188 827 2255 Romanos
850 2188 1069 2274 potissimum
1095 2188 1221 2254 vixisse
1245 2195 1368 2254 notum
1384 2192 1477 2254 est-

318 2307 351 2367 et
377 2302 508 2368 Romae
532 2307 621 2368 certe
646 2302 818 2368 frumento
841 2308 938 2368 orant
961 2302 1078 2382 incisi;
1104 2309 1289 2389 praeterea,
1316 2307 1390 2367 utut
1411 2303 1474 2366 erat
1526 2349 1527 2362 2

318 2420 494 2493 statutum,
519 2414 653 2501 saepius
676 2416 779 2487 etiam
804 2415 880 2492 alia,
907 2422 944 2481 ut
963 2415 1087 2496 oleum,
1104 2416 1237 2496 viuum,
1251 2416 1421 2494 vestitum,
1433 2414 1475 2478 in·
1526 2397 1527 2476 ?

320 2528 454 2594 terdum
501 2529 639 2594 fortasse
689 2528 742 2595 vel
778 2527 1035 2610 habitationem,
1071 2528 1225 2615 praebita
1260 2529 1363 2596 161666
1396 2523 1477 2594 credi

319 2646 439 2728 potest.
465 2641 491 2730 2)

363 2755 459 2834 Quae
483 2755 510 2820 61
534 2776 615 2821 vera
638 2761 728 2835 6661,
754 2755 918 2822 Η666666
943 2777 1012 2822 666
1036 2755 1234 2822 assentieris
1257 2749 1477 2835 autumanti³)

319 2869 466 2936 Traiano
502 2868 588 2934 nihil
614 2868 707 2934 aliud
732 2869 905 2953 agendum
929 2869 1041 2949 161666,
1070 2868 1135 2934 6161
1158 2874 1197 2934 61
1220 2867 1346 2934 tabuiis
1369 2885 1475 2934 eorum

354 3097 372 3158 1)
405 3098 458 3161 Dig.
485 3098 611 3156 XXXIIII,
638 3099 660 3156 1,
687 3099 710 3146 6.
745 3097 868 3161 Ruggiem,
892 3097 1041 3162 Dir.'epigr.
1059 3113 1078 3146 6.
1096 3113 1119 3145 v.
1137 3097 1249 3146 alimenta
1266 3099 1288 3161 (I
1307 3114 1352 3162 pag
1376 3097 1476 3156 46416
1525 3073 1526 3099 ¹

317 3181 397 3229 eodem
423 3180 494 3229 titulo
520 3181 596 3243 primo
623 3180 722 3229 huiusce
747 3180 803 3229 libri
830 3180 981 3244 Digestorum
1004 3181 1120 3244 trigesimi
1138 3180 1217 3245 quarti
1236 3180 1254 3230 l.
1272 3196 1366 3246 quoque
1383 3181 1397 3228 9
1416 3174 1476 3227 6111

317 3265 390 3320 affert,
410 3268 435 3312 ut
452 3265 574 3312 confirmet
590 3263 704 3312 alimenta
720 3263 798 3312 valere
815 3265 969 3321 frumentum,
987 3263 1050 3312 nihil
1067 3263 1141 3313 61161.
1176 3264 1229 3328 Quo
1247 3265 1299 3313 iure
1318 3263 1378 3313 mihi
1392 3261 1476 3326 quidem

319 3363 366 3396 666
384 3346 467 3410 liquet.

352 3429 372 3489 ²)
405 3429 522 3493 Equidem
539 3428 613 3492 igitur
630 3445 677 3478 nou
695 3432 743 3477 tam
761 3446 846 3488 severe,
863 3445 935 3493 quern
955 3429 1086 3478 Rodbertus
1103 3429 1166 3487 16611,
1180 3429 1377 3493 distinguendum
1386 3440 1477 3491 666666-

319 3517 343 3561 16
362 3512 423 3562 inter
440 3528 499 3576 quae
514 3511 557 3560 1116
574 3516 639 3560 vocat
658 3512 860 3562 Frumentationr·
881 3516 904 3561 61
924 3512 1251 3576 Alimentatiomrtiftunyen.
1286 3512 1354 3576 Quae
1371 3512 1392 3560 si
1409 3521 1478 3572 reapse

318 3611 414 3660 prorsus
439 3595 594 3659 disiungenda
620 3599 682 3654 6661,
700 3596 807 3659 sequitur
824 3594 915 3643 Veleiae
933 3600 955 3642 et
972 3595 1110 3643 Tarracinae
1130 3596 1276 3643 frumentum
1294 3594 1373 3643 multo
1391 3589 1477 3642 minoris
1524 3631 1525 3642 .

319 3679 451 3727 constitisse
468 3695 538 3743 quarn
549 3678 619 3742 vulgo
628 3683 719 3743 putant.
738 3678 808 3742 Quod
817 3683 918 3726 statuere
927 3678 1058 3726 Rodbertus
1067 3693 1115 3726 666
1125 3676 1243 3726 dubitavit
1251 3677 1309 3737 (Zur
1318 3677 1358 3725 Fr.
1369 3678 1391 3725 d.
1401 3675 1477 3724 saeta

319 3761 341 3810 d.
362 3761 446 3810 Geldes
464 3762 498 3810 im
516 3761 574 3818 Ale,
593 3762 611 3810 l.
629 3761 645 3810 l.
656 3777 707 3826 pag.
721 3761 794 3819 etot:
806 3761 890 3824 „Musa
899 3776 954 3809 man
965 3759 1159 3817 fastidiendam
1170 3775 1229 3824 resp.
1240 3760 1270 3808 16
1282 3760 1331 3808 661
1341 3759 1373 3808 20
1382 3760 1438 3806 Soet.
1447 3757 1478 3804 iit

318 3845 363 3894 deu
381 3845 480 3894 Kuaben
498 3846 547 3895 661
566 3845 596 3894 12
613 3861 673 3908 resp.
693 3845 723 3892 lo
742 3845 799 3892 Sest.
817 3845 855 3891 rur
872 3844 913 3891 das
930 3843 1046 3895 Mideheu
1064 3843 1130 3890 nicht
1146 3841 1198 3891 blos
1211 3859 1238 3890 zu
1249 3840 1477 3901 Brodkcru,sondern

318 3944 360 3978 zur
384 3933 528 3992 gesammten
554 3928 725 3976 Alimentatiou
751 3928 816 3975 eines
842 3927 936 3974 Monate
954 3927 1092 3981 hiureichte‚
1110 3942 1136 3974 66
1153 3927 1245 3974 werden
1263 3926 1315 3974 sich
1332 3919 1477 3974 hochsnnst

318 4013 376 4061 Sest.
393 4012 429 4060 616
446 4012 692 4075 Durchachuittspreis
709 4012 749 4059 des
765 4011 912 4058 frumentum
929 4008 1098 4058 hcrauasteilen
1117 4009 1165 4057 und
1184 4005 1477 4072 jeueStiftungsurkuuden

319 4107 373 4155 sind
392 4106 431 4154 eiu
448 4106 598 4172 schlageuder
615 4105 703 4154 Beweis
721 4106 759 4154 fiir
776 4106 813 4153 die
833 4104 1033 4152 ›wohlteilheit‹
1051 4105 1090 4152 166
1107 4103 1197 4151 Lobana
1214 4103 1264 4152 und
1281 4103 1331 4152 also
1348 4104 1391 4152 166
1409 4099 1476 4150 hohen

319 4189 452 4238 Sachwerth
469 4189 508 4236 des
523 4189 607 4238 Geldcs
623 4189 657 4237 im
676 4187 837 4238 Alterthum.’'

352 4270 372 4334 ³)
405 4271 441 4320 De
457 4271 503 4320 tab.
521 4270 627 4321 elimarit.
645 4271 716 4320 Baeb.
734 4269 751 4320 l.
770 4269 786 4320 1.
804 4286 857 4337 pag.
875 4270 921 4318 22.
