3084 5128
614 581 678 648 241

66 763 204 845 πεφυκὼς,
230 764 342 823 ὁπόταν
363 785 391 822 τι
414 761 605 840 εὐεργετικόν,
630 761 647 834 ἢ
670 762 770 831 ἄλλως
794 763 831 832 εἰς
855 759 895 821 τὰ
918 760 1000 838 μέσα
1018 761 1228 837 cavamen

66 879 170 963 πράξῃ,
207 881 358 954 πεποίηκε,
394 875 468 953 πρὸς
501 877 516 936 ὃ
545 876 793 952 κατεσκεύασται,
819 875 867 937 καὶ
892 873 953 957 ἔχει
977 867 1012 934 τὸ
1033 872 1168 934 ἑαυτοῦ.”
1189 910 1233 921 -

66 988 171 1054 Stoica
197 989 282 1054 haee
304 988 445 1054 consiliu
469 988 646 1076 aliquanto
669 986 883 1072 generosiora
897 992 986 1065 sunt,
1000 991 1037 1050 ut
1048 986 1095 1051 ita
1107 985 1231 1066 dicam,

67 1123 166 1187 quam
186 1123 227 1168 ea
252 1124 339 1189 quae
363 1124 406 1168 ex
431 1102 592 1168 Cicerone
617 1101 789 1187 exscripsi.
836 1100 949 1165 Immo
973 1121 1012 1164 ea
1036 1099 1230 1165 Christiano

67 1215 212 1300 quodam
248 1216 326 1282 fuco
359 1213 447 1281 illita
481 1236 550 1281 esse
585 1214 721 1280 dixeris,
770 1214 861 1282 Vera
895 1212 1088 1279 Christiana
1111 1212 1233 1278 caritas

67 1334 177 1394 tamen
213 1350 256 1394 ne
292 1329 349 1394 hic
385 1321 525 1416 quidem
559 1328 735 1414 reperitur.
793 1327 954 1407 Quonam
988 1326 1081 1392 enim
1116 1325 1232 1416 animo

66 1441 157 1507 dabit
205 1443 339 1528 sapiens
385 1441 441 1507 ille
476 1441 636 1508 Stoicus?
684 1440 884 1521 „Succurret
918 1438 1039 1506 alienis
1073 1438 1231 1521 lacrimis,

67 1577 130 1620 non
166 1553 337 1622 accedet.''
388 1555 484 1636 „Non
528 1554 743 1620 miserebitur
777 1553 920 1640 sapiens,
956 1553 1014 1619 sed
1049 1558 1232 1634 succurret,

65 1667 118 1733 sed
153 1669 338 1756 proderit.''
389 1668 551 1750 „Voltum
587 1668 726 1755 quidem
750 1688 820 1733 non
843 1666 966 1733 deiciet
989 1687 1052 1732 nec
1075 1666 1232 1732 animum

67 1782 104 1847 ob
126 1805 206 1849 crus
230 1782 374 1850 alicuius
398 1782 534 1849 aridum
558 1791 618 1849 aut
641 1803 830 1870 pannosam
855 1780 1001 1847 maciem
1024 1785 1059 1846 et
1073 1780 1232 1846 innixam

68 1895 185 1963 baculo
220 1898 461 1963 senectutem.’'
508 1894 912 1962 Misericordiam
940 1893 1034 1960 enim
1057 1893 1138 1959 dicit
1162 1915 1231 1960 esse

68 2011 264 2088 „vitium
300 2011 570 2076 animorum
606 2010 752 2076 nimis
787 2007 1233 2093 miseriapaventi·

13 2181 14 2184 ,
66 2124 163 2190 um.’'
192 2122 217 2208 ¹)
263 2124 355 2204 Quid
390 2124 534 2190 autem?
583 2124 673 2204 „Uni
708 2123 841 2210 placere
881 2127 1061 2190 contentus
1094 2120 1130 2184 in
1167 2120 1232 2186 hoc

67 2236 159 2319 debe,
185 2245 225 2303 ut
249 2238 340 2324 quod
364 2245 496 2325 oportet
519 2238 674 2304 faciam.'’
699 2235 725 2324 ²)
772 2238 849 2318 Dat,
875 2237 955 2324 quia
982 2235 1067 2316 „viri
1080 2234 1231 2300 officium

13 2401 14 2406 1
68 2357 111 2416 est
133 2351 224 2417 inter
247 2351 315 2417 alia
338 2359 371 2418 et
395 2352 600 2418 beneficium
624 2352 738 2418 dare.''
785 2351 898 2431 Quare
923 2371 1004 2435 ergo
1025 2348 1112 2416 dat?
1159 2348 1230 2431 „Ne

13 2541 14 2560 ξ
67 2484 131 2529 non
166 2465 235 2547 det,
272 2487 313 2532 ne
349 2467 561 2532 occasionem
595 2465 831 2532 benefaciendi
865 2464 1018 2552 perdat’,
1053 2463 1079 2551 ³)
1106 2470 1164 2545 „ut
1186 2486 1229 2529 ex

50 2559 204 2645 ‘munere
240 2601 301 2646 suo
324 2580 490 2667 percipiat
511 2579 709 2665 gaudium”,
735 2580 761 2667 ⁴)
784 2585 821 2644 ut
846 2584 957 2646 servet
983 2578 1129 2660 „bonam
1152 2599 1230 2644 con-

68 2691 272 2758 scientiam’'.
298 2697 323 2778 ⁵)
369 2694 464 2761 Licet
487 2694 592 2779 igitur
615 2693 658 2759 ab
682 2694 778 2760 omni
800 2691 995 2759 humilitate
1014 2693 1056 2781 sit
1068 2697 1228 2786 remotus

14 2841 15 2844 =
68 2809 177 2872 tamen
212 2828 248 2873 re
284 2829 364 2874 vera
397 2829 526 2874 amor
560 2808 634 2873 sui
658 2808 709 2875 vis
732 2814 782 2874 est
805 2829 892 2894 quae
915 2806 1067 2873 Stoicum
1094 2827 1229 2894 quoque

68 2918 105 2982 ad
128 2919 388 2987 beneficentiam
413 2927 521 2988 vocat.
547 2921 573 3008 ⁶)

107 3032 147 3098 In
177 3033 292 3100 Stoica
314 3036 481 3121 sapientia
504 3035 606 3122 paulo
630 3035 759 3101 diutius
782 3040 1012 3101 commoratus
1036 3055 1122 3114 sum,
1149 3034 1230 3120 quia

70 3146 123 3230 qui
157 3147 250 3220 hauc
282 3157 408 3214 sectam
436 3148 666 3237 sequebantur
690 3155 761 3214 tam
785 3149 871 3215 elate
895 3155 929 3214 et
952 3147 1065 3236 ample
1089 3148 1130 3214 de
1156 3150 1229 3235 ipsa

72 3303 257 3317 *n—

99 3397 117 3458 ¹)
150 3399 184 3448 De
209 3400 285 3450 Clem.
311 3401 321 3450 1
355 3402 372 3451 1.
398 3405 408 3464 t
430 3403 452 3462 2,
471 3403 493 3461 3,
512 3406 535 3453 4.
570 3403 607 3452 (11.
625 3403 695 3452 etiam
713 3403 769 3468 Cap.
789 3406 811 3462 t,
832 3405 861 3452 l:
879 3405 1051 3470 „Clementiam
1069 3407 1228 3455 mansuetudi-

68 3495 160 3546 nemque
176 3501 257 3533 omnes
275 3485 331 3534 boni
350 3486 395 3534 viri
413 3486 572 3551 praestabunt,
590 3486 773 3536 misericordiam
791 3492 869 3538 autem
889 3490 996 3538 vitabunt
1007 3511 1011 3538 :
1024 3494 1058 3539 est
1069 3491 1132 3538 enim
1143 3491 1228 3540 vitium

70 3565 145 3624 pusilli
160 3569 242 3626 animi,
260 3568 290 3618 ad
308 3570 407 3633 speciem
425 3570 557 3619 alienorum
574 3571 692 3620 malorum
709 3572 875 3621 succidentis.’'

98 3650 117 3708 ²)
150 3651 183 3700 De
200 3653 280 3702 Benef.
299 3652 340 3710 IV,
359 3653 398 3712 11,
417 3654 439 3702 1.

97 3729 115 3791 ³)
147 3734 181 3782 De
198 3735 277 3784 Benef.
296 3737 336 3794 IV,
359 3737 398 3795 12,
417 3739 439 3786 5.

98 3814 116 3873 ⁴)
148 3817 181 3866 De
198 3819 278 3868 Benef.
296 3820 337 3878 IV,
356 3821 394 3879 29,
413 3820 435 3868 3.

100 3897 116 3958 ⁸)
148 3900 182 3950 De
199 3902 279 3952 Bencf.
297 3903 338 3968 IV,
357 3903 396 3961 12,
414 3907 437 3951 4.
745 3961 749 3968 ¹

98 3979 116 4039 ο1
147 3983 178 4034 Ut
198 3985 289 4042 Cicero,
306 3986 339 4034 ita
356 3987 441 4036 Seneca
458 4004 550 4051 quoque
567 4005 676 4052 magnam
695 3989 743 4036 vim
761 3988 846 4036 tribuit
863 3987 1026 4037 beneficiorum
1046 3992 1124 4051 gratae
1142 4005 1227 4037 memo-

72 4062 119 4111 riae.
151 4067 186 4116 Os.
212 4069 247 4116 De
273 4069 353 4118 Benet.
374 4070 415 4128 IV,
433 4071 464 4118 26
483 4087 546 4135 seqq.
580 4072 626 4120 Dat
643 4087 696 4120 saue
714 4073 784 4119 etiam
802 4071 871 4119 malis
889 4076 957 4135 atque
974 4071 1080 4134 ingratis.
1115 4073 1147 4122 At
1157 4059 1226 4120 ¹enirn
1287 4073 1289 4079 '

71 4145 119 4202 quia
143 4151 229 4212 „satius
255 4156 290 4200 est
308 4191 313 4200 .
331 4153 439 4216 prodesse
464 4154 534 4202 ctiam
561 4154 631 4203 malie
657 4160 750 4219 propter
768 4153 839 4202 honos
861 4171 932 4218 quarn
955 4153 1023 4202 bonis
1040 4155 1118 4203 deesse
1135 4159 1228 4218 propter

70 4226 165 4357 lllltllos'’;
192 4234 248 4297 quia
273 4236 401 4299 „quaedam
428 4253 475 4284 nou
501 4241 608 4300 poterant
633 4237 713 4286 ceteris
733 4237 875 4300 contingere.
892 4238 939 4286 nisi
958 4238 1075 4286 universis
1094 4238 1227 4287 darentur.'’

71 4312 93 4368 1.
119 4312 179 4374 .28,
199 4315 221 4374 1,
239 4317 263 4380 6)
