3084 5128
602 511 667 578 207

61 688 198 776 ,puellas
230 694 264 756 et
298 709 430 777 pueros,
464 689 766 776 quemammodum
797 688 996 758 Antoninus
1019 689 1216 758 Faustinia-

59 824 109 869 nas
140 803 342 884 instituerat,
366 802 622 870 Mammaeanas
644 808 678 870 et
701 803 957 872 Mammaeanos
979 803 1159 870 instituit.”
1187 801 1213 890 ¹)

57 916 175 983 Deinde
208 916 251 983 de
286 916 457 983 alimentis
481 922 595 984 tacent
613 917 813 1004 scriptores3
841 923 877 984 at
898 916 1038 1005 lapidee,
1062 916 1209 984 nonnul·

57 1029 97 1095 los
128 1029 370 1096 alimentorum
403 1030 591 1117 praefectos
624 1029 851 1116 divulgantes,
876 1051 916 1098 ea
939 1037 1087 1098 exeunte
1112 1031 1214 1098 tertio

58 1143 186 1225 saeculo,
222 1143 277 1210 vel
313 1149 401 1210 certe
436 1149 515 1210 ante
539 1163 667 1210 annum
691 1143 766 1225 271,
791 1143 818 1230 ¹)
841 1143 1030 1210 etiamtunc
1054 1165 1213 1231 perman·

57 1256 124 1322 sisse
148 1256 280 1324 docent.
328 1257 544 1324 Constantini
567 1277 648 1324 vero
671 1256 884 1344 temporibus
910 1257 1074 1324 alimenta
1093 1277 1214 1324 cessas·

57 1391 84 1434 se
104 1370 166 1436 viri
188 1370 281 1437 docti
304 1376 432 1456 cogunt
454 1392 472 1437 e
491 1370 573 1438 cod.
597 1369 763 1438 Theodos.
787 1370 850 1449 XI,
875 1371 930 1452 27,
956 1373 996 1438 l:
1013 1370 1118 1458 ,Imp
1134 1367 1214 1437 Gon·

56 1485 202 1550 auctione
223 1482 266 1549 Α.
289 1483 332 1549 od
353 1483 539 1550 Ablavium.
585 1483 704 1550 Acteis
726 1483 852 1551 tabulis
875 1483 930 1551 vel
954 1483 1133 1552 cerussatis
1150 1488 1211 1550 aut

57 1595 155 1664 linteis
188 1597 324 1684 mappis
358 1597 483 1684 scripta
517 1618 578 1684 per
611 1617 731 1664 omnes
770 1597 925 1665 civitates
946 1597 1066 1664 Italiae
1091 1619 1215 1685 propo·

57 1716 145 1775 natur
179 1709 245 1792 len,
283 1731 371 1797 quae
404 1717 587 1797 parentum
612 1731 736 1778 manus
756 1733 777 1778 a
798 1710 982 1798 parricidio
1005 1716 1130 1793 arceat,
1154 1731 1212 1778 vo-

57 1828 186 1910 tumque
221 1829 334 1890 vertat
366 1823 403 1889 in
433 1823 567 1890 melius.
614 1823 844 1910 Officiumque
879 1829 980 1892 tuum
1016 1823 1100 1891 haec
1128 1845 1211 1891 cura

57 1937 259 2022 perstringat,
297 1943 344 2019 ut,
380 1937 407 2004 si
435 1938 514 2026 quis
536 1959 660 2025 parens
683 1938 804 2004 afferat
826 1937 991 2019 subolem,
1017 1958 1122 2025 quam
1146 1958 1210 2024 pro

57 2057 242 2136 paupertate
266 2050 411 2118 educare
436 2071 506 2117 non
529 2051 644 2139 possit,
667 2072 730 2118 nee
753 2051 789 2117 in
809 2049 981 2118 alimentis
1005 2071 1067 2117 nec
1091 2050 1128 2116 iu
1151 2072 1209 2119 ve·

57 2170 94 2228 ste
126 2164 353 2250 impertienda
376 2163 538 2246 tardetur,
566 2185 647 2232 eum
670 2164 826 2231 educatio
850 2164 1019 2232 nascentis
1042 2164 1206 2231 infantiae

55 2297 151 2343 moras
178 2278 265 2344 ferre
294 2298 364 2343 nen
388 2277 525 2365 possit,
549 2277 605 2344 Ad
625 2299 731 2365 quam
756 2299 829 2344 rem
852 2283 886 2344 et
909 2277 1030 2344 fiscum
1053 2282 1209 2344 nostrum

57 2395 82 2453 et
100 2411 170 2456 rem
193 2391 367 2478 privatam
385 2391 568 2459 indisereta
585 2391 746 2458 iussimus
759 2389 919 2478 praebere
934 2390 1107 2478 obsequia.
1131 2391 1209 2458 Dat.

55 2502 111 2570 ΠΙ.
143 2505 196 2570 Id.
230 2505 319 2572 Moti
350 2505 480 2587 Narseo,
519 2504 725 2572 Constantino
760 2504 803 2571 A.
838 2503 903 2574 IV.
935 2512 964 2571 et
989 2505 1117 2571 Iricirst'o
1143 2503 1209 2574 IV.

55 2615 118 2682 ΑΛ.
154 2617 234 2684 Coae.
270 2618 394 2704 (315.)”
442 2618 707 2685 Constantinum
741 2639 879 2705 prorsus
913 2639 1002 2684 nova
1038 2617 1209 2705 quaedam

55 2727 222 2797 instituisse
246 2752 291 2796 ex
314 2731 378 2798 hoe
402 2730 476 2798 loco
500 2730 637 2798 dixeris.
660 2730 689 2818 ⁸)

91 2842 339 2911 Alimentorum
372 2851 407 2910 et·
437 2845 606 2930 originem
629 2850 663 2912 ct
684 2844 899 2912 incrementa
922 2849 956 2911 et
979 2844 1112 2911 exitum
1135 2865 1209 2931 per·

56 2956 146 3022 secuti
177 2959 248 3023 iam
283 2979 499 3045 quaeramus,
534 2958 698 3025 alimenta
720 2957 780 3024 illa
804 2957 1012 3045 quibusnam
1045 2957 1084 3024 in
1106 2956 1209 3024 rebus

56 3069 269 3138 consisterent.
316 3071 391 3140 Viri
426 3071 516 3139 docti
549 3071 704 3159 plerique
738 3093 778 3139 ea
808 3092 879 3138 non
905 3071 971 3138 nisi
995 3072 1209 3156 frumentum

58 3226 232 3240 *—

83 3330 100 3389 ¹)
129 3332 240 3397 lamprid
263 3332 332 3383 Alcx.
349 3333 448 3383 Severus
467 3332 506 3392 57,
525 3333 548 3386 l.

24 3413 27 3422 '
82 3415 100 3472 ¹)
130 3415 163 3464 Os.
181 3415 288 3465 Hirschs.
306 3415 323 3465 1.
341 3415 428 3482 apag.
447 3415 494 3465 122
512 3432 567 3465 enm
583 3415 638 3464 adu.
657 3414 679 3464 2.

82 3493 99 3552 Ι)
128 3497 160 3546 Cf.
187 3498 295 3548 Hirschs.
321 3498 339 3548 l.
365 3498 384 3549 l.
409 3500 464 3548 adn.
492 3499 523 3558 33
549 3498 659 3556 Schiller,
685 3497 769 3546 Gesch.
792 3497 815 3546 d.
833 3500 892 3546 rdm.
911 3497 1013 3554 Kaiserr.
1031 3498 1126 3562 ΠΜ.
1145 3497 1210 3546 295ι

57 3576 257 3642 ,Miglicherweisc
275 3581 307 3630 ist
323 3581 384 3630 auch
403 3582 430 3631 in
448 3582 524 3630 dieser
540 3581 591 3630 Zeit
607 3581 647 3630 der
658 3579 1212 3644 FluanslralamitiitdieAlimentareinrichtnng

58 3694 168 3714 ......
195 3670 393 3728 untergegsngcn,
419 3665 457 3714 die
483 3669 509 3714 in
535 3664 685 3714 Diokletians
711 3664 762 3713 Zeit
786 3663 848 3712 noch
864 3663 968 3712 bertam.
1003 3662 1132 3711 Viellcielrt
1148 3662 1211 3711 hatte

57 3740 181 3796 Kousuntin
206 3749 230 3796 d.
257 3749 297 3796 Gr.
323 3763 382 3796 neue
406 3748 595 3812 llinrichtnngen
621 3748 743 3812 gatrudon,
762 3747 790 3796 da
807 3746 846 3795 die
862 3745 973 3794 triihcren
990 3744 1057 3793 nicht
1075 3744 1142 3793 mehr
1158 3760 1210 3793 aus-

57 3825 149 3879 reiehten.
183 3832 231 3880 Der
256 3831 393 3895 Untergang
418 3832 495 3880 dirste
521 3831 589 3881 nieht
615 3831 659 3880 mit
684 3830 762 3879 elnam
779 3828 877 3892 Srhlege
893 3828 943 3876 und
960 3826 1020 3875 auch
1037 3827 1105 3876 nicht
1121 3826 1210 3876 sowehl

57 3906 117 3958 durch
138 3914 343 3978 gesetrgeberiselre
370 3914 517 3978 Messregeln
542 3913 578 3963 als
600 3913 716 3963 vielmehr
734 3913 807 3962 durch
824 3911 996 3973 Unterlassung
1013 3910 1055 3958 der
1074 3909 1210 3974 Zehlnngen

59 3988 212 4058 herbeigeldhrt
238 3998 333 4046 worden
361 3997 435 4046 sein.’'
480 3997 551 4061 Quod
584 3998 613 4046 ad
637 3997 773 4046 Christiana
801 3999 909 4060 tempore
933 3992 1026 4050 attinet,
1053 3993 1130 4057 Marq.
1156 3992 1209 4041 1.1.

59 4072 102 4120 tdfl-
124 4077 151 4129 l:
177 4080 221 4143 ,In
245 4081 286 4129 der
302 4080 456 4130 christlichen
474 4080 525 4128 Zeit
540 4080 605 4144 giebt
620 4097 644 4128 es
661 4095 720 4140 gana
737 4079 823 4128 andere
842 4075 1131 4140 Versorgungsanstalten,
1145 4075 1210 4124 Wal-

61 4156 166 4209 senhiuser
194 4163 421 4228 (orphanotrophia),
446 4163 625 4212 Kinderhtuser
646 4161 857 4226 (brephotrophia),
875 4158 1050 4210 Armenh'tuser
1066 4159 1211 4224 (ptochotro-

58 4239 119 4300 l'lla).
135 4241 263 4312 Hospitiler
279 4246 499 4313 (onontctrcptia).
534 4245 591 4298 Cod.
609 4246 671 4308 Just,
691 4246 714 4302 t,
732 4243 755 4304 2,
774 4244 812 4293 19.
824 4243 883 4294 223¹
1191 4275 1192 4280 =
