3040 5134
624 637 685 704 121

57 813 159 895 saria,
198 835 269 901 qua
302 814 343 880 de
375 815 477 880 modo
512 813 672 880 credendi
703 813 966 902 possidendique
990 814 1081 880 intra
1103 813 1241 880 Italiam

58 927 244 994 cavetur’'.
281 925 305 1013 ¹)
350 927 442 1007 Quid
465 929 550 994 haec
569 927 627 993 lex
650 928 857 994 continuerit
880 949 941 1014 pro
964 933 1056 994 certo
1079 927 1242 992 affirmari

11 1063 14 1067 ·
58 1041 202 1128 nequit,
226 1041 362 1108 videtur
385 1047 502 1107 tamen
526 1063 587 1128 pro
611 1042 778 1128 cuiusque
803 1040 1070 1128 possessionibus
1089 1040 1239 1105 sanxisse

60 1176 176 1243 quam
212 1154 393 1240 pecuniam
432 1155 509 1241 quis
542 1155 580 1219 in
615 1154 751 1221 faenore
787 1155 913 1220 habere
937 1154 1063 1220 liceret.
1089 1153 1115 1241 9)
1161 1153 1241 1219 Sine

59 1267 174 1334 dubio
210 1267 295 1333 haec
328 1267 385 1333 lex
408 1268 573 1334 effecisset
594 1268 725 1354 aliquid
748 1267 840 1349 boni,
865 1268 892 1333 si
915 1267 1113 1334 facultatem
1136 1267 1243 1333 habu·

59 1382 168 1461 isset;
208 1380 303 1446 addit
336 1387 453 1447 tamen
477 1382 616 1447 Tacitus
639 1403 716 1447 eam
737 1381 874 1448 Tiberio
898 1381 1084 1468 imperium
1104 1386 1241 1446 tenente

59 1495 170 1560 fuisse
211 1495 390 1574 „omissam
425 1494 518 1576 olim,
544 1495 626 1581 quia
652 1495 786 1581 privato
810 1495 887 1560 usui
911 1494 1041 1560 bonum
1063 1494 1243 1581 publicum

60 1607 317 1694 postponitur.''
372 1607 529 1674 Tiberius
563 1614 680 1674 autem
716 1608 812 1674 illam
847 1607 961 1693 legem
994 1608 1037 1673 ab
1070 1607 1241 1674 oblivione

60 1721 251 1788 vindicans
281 1721 493 1808 paulumque
522 1722 704 1788 intendens
727 1721 754 1809 1)
781 1743 861 1808 „per
884 1729 1021 1788 senatus
1043 1721 1241 1787 consultum

63 1834 224 1922 sanxi(t),
267 1841 304 1899 ut
337 1835 565 1901 foeneratores
600 1835 685 1901 duas
719 1835 917 1922 patrimonii
953 1840 1067 1921 partes
1101 1834 1137 1898 in
1172 1835 1242 1901 solo

63 1948 287 2029 collocarent,
311 1947 480 2014 debitores
500 1948 642 2014 totidem
655 1949 744 2034 aeris¹
755 1949 859 2014 alieni
871 1948 987 2014 statim
1000 1947 1201 2015 solverent.’'
1216 1949 1242 2035 ⁴)

63 2062 137 2128 Res
161 2061 285 2127 misere
310 2062 353 2127 ad
375 2062 512 2126 irritum
536 2063 666 2129 cecidit.
714 2063 856 2143 Ounota,
882 2069 919 2127 ut
939 2067 1114 2142 suntacta,
1128 2083 1242 2154 narra·

64 2176 117 2242 vit
137 2174 288 2240 Tacitus.
312 2177 335 2261 ὅ)
359 2175 514 2241 Tandem
538 2177 660 2242 Caesar
683 2198 785 2262 opem
808 2176 887 2241 tulit
905 2175 962 2241 ille
988 2175 1131 2263 quidem
1159 2174 1242 2254 „dis-

65 2289 181 2376 posito
205 2309 266 2375 per
288 2310 423 2354 mensas
446 2289 582 2355 miliens
604 2291 755 2356 sestertio
780 2290 936 2376 factaque
950 2288 1132 2355 mutuandi
1144 2289 1242 2374 copia

66 2404 142 2468 sine
180 2402 292 2467 usuris
315 2424 376 2488 per
397 2403 618 2485 triennium”,
643 2405 702 2470 sed
725 2404 766 2470 iis
788 2408 923 2469 tantum
947 2403 1008 2490 qui
1030 2402 1159 2469 aerario
1186 2402 1242 2483 „in

66 2515 220 2604 duplum
241 2516 389 2602 praediis
412 2516 638 2605 cavisse(n)t.''
664 2516 690 2605 6)

102 2698 122 2758 ¹)
157 2697 213 2746 Tae.
231 2698 294 2745 Anu.
312 2696 353 2753 VI,
374 2696 413 2744 16.

100 2782 121 2843 ¹)
158 2781 195 2829 CI.
222 2781 334 2830 Momme.
360 2781 387 2829 R.
414 2781 442 2829 G.
469 2780 519 2828 ΠΙΒ
544 2798 595 2845 pag.
615 2781 986 2846 537;1ang00.1.111¹pag.
1006 2782 1169 2838 435;Billet.
1189 2781 1242 2832 l.l.

68 2881 121 2929 pag.
150 2864 207 2916 176.
243 2864 395 2912 Mommsenii
413 2864 545 2912 coniectura
563 2865 634 2928 digna
652 2869 687 2913 eet
704 2881 775 2928 quam
795 2865 938 2914 exscribam:
975 2866 1038 2928 „rur
1055 2866 1100 2915 den
1117 2864 1242 2914 italisohen

68 2947 231 2996 Geldverkehr
255 2947 334 2995 wurde
359 2947 412 2995 eine
437 2947 644 2996 Maximaleumme
669 2948 711 2996 der
733 2949 786 2996 dem
803 2947 924 2996 einzelnen
942 2947 1095 3011 Capitulisten
1113 2965 1142 2996 zu
1158 2952 1243 3012 gestat·

68 3031 155 3079 tenden
173 3029 341 3078 Zinsdarlehen
359 3029 503 3092 sestgestellt
521 3029 608 3078 welche
624 3030 676 3078 sich
693 3031 753 3078 nach
771 3032 823 3078 dem
840 3031 918 3079 einem
933 3031 1003 3092 jeden
1017 3031 1169 3094 austindigen
1179 3031 1243 3080 itali·

69 3113 141 3161 schen
168 3111 326 3160 Grundheeitz
342 3112 455 3176 gerichtet
471 3129 501 3160 zu
518 3113 593 3160 haben
611 3113 703 3161 scheint
720 3114 769 3161 und
786 3112 908 3162 vielleioht
924 3114 962 3162 die
980 3113 1061 3161 thfte
1078 3113 1118 3162 des
1136 3113 1242 3162 Warthea

70 3195 192 3244 desselben
209 3195 292 3258 hetrng
309 3231 414 3244 .....
432 3195 509 3243 Wenn
526 3212 551 3243 ee
567 3194 652 3259 gelang
668 3196 731 3244 diese
748 3195 908 3244 Vorschriften
919 3195 1243 3259 prahtiachdurchzusdhren‚

70 3296 95 3327 so
120 3279 202 3327 wurde
225 3278 291 3340 jeder
316 3277 424 3326 italisehe
440 3279 634 3326 Gesch'aiItemann
651 3279 755 3327 dedorch
772 3279 894 3342 genbthigt
911 3295 954 3327 vor
970 3278 1042 3327 nllem
1059 3279 1166 3344 zugleich
1183 3280 1244 3328 euch

70 3362 191 3410 italischer
208 3361 390 3410 Grundheeitzer
406 3378 435 3410 zu
452 3363 544 3410 werden
562 3363 612 3410 und
629 3362 667 3410 die
684 3363 767 3411 Klaese
784 3363 825 3410 der
841 3361 905 3412 blora
917 3379 963 3411 von
975 3363 1043 3411 ihren
1053 3363 1136 3411 Ziueen
1147 3363 1242 3411 zehren-

71 3445 116 3493 den
142 3443 297 3508 Capitalisten
323 3444 474 3492 versohwand
500 3445 525 3492 in
552 3444 637 3492 italien
654 3444 770 3508 ganzlich.
806 3443 927 3494 Mittelher
943 3446 1023 3494 wurde
1039 3446 1113 3494 damit
1130 3445 1189 3493 auch
1206 3445 1245 3493 die
1270 3445 1273 3452 ’

71 3529 137 3576 nieht
163 3528 258 3576 minder
283 3526 417 3575 echidliche
444 3528 566 3590 Ketegorie
583 3529 624 3576 der
641 3528 835 3577 iiberechuldeten
853 3528 902 3577 und
919 3529 959 3577 der
976 3529 1048 3577 Sache
1065 3529 1125 3577 nach
1142 3544 1188 3577 nur
1205 3531 1244 3577 fiir

71 3611 123 3660 ihre
139 3611 269 3674 Gltiubiger
285 3611 325 3658 dae
343 3610 392 3658 Gut
409 3611 580 3659 verwalteuden
598 3611 842 3674 Grundeigenthiimer
857 3611 993 3660 weeentlioh
1007 3611 1153 3669 beschriinlrt,
1163 3612 1243 3661 indem

73 3694 109 3741 die
125 3693 262 3756 Gliiubiger,
279 3709 346 3742 wenn
365 3693 399 3740 sie
415 3693 454 3741 ihr
470 3693 630 3756 Zinsgeschiilt
646 3695 777 3742 lortliihren
794 3694 898 3752 wollar,
907 3695 1153 3757 gezwungenwurden
1167 3693 1243 3742 selber

73 3777 122 3824 rich
138 3775 312 3824 auruleufen.''
330 3803 361 3811 -
379 3775 430 3824 Hae
447 3775 498 3839 lege
515 3777 543 3824 de
560 3792 741 3824 usurarum
760 3778 889 3842 quantitate
906 3775 969 3825 nihil
983 3781 1077 3824 cautum
1086 3776 1243 3824 esseBilleter

11 3887 13 3892 .
74 3858 153 3921 prohat
175 3858 201 3920 (l.
220 3857 237 3906 l.
256 3875 308 3922 pag.
329 3858 375 3910 175
393 3863 467 3922 seqq.)
484 3863 565 3907 contra
582 3858 670 3908 multoe
688 3860 751 3908 viros
769 3860 856 3919 docter,
873 3863 900 3907 ut
916 3859 1033 3917 Strenber,
1050 3859 1155 3922 Madvig,
1178 3859 1241 3907 Frie-

75 3939 176 3997 dlhnden
195 3941 290 4005 Drbger.

106 4023 124 4082 ³)
158 4024 268 4072 Tiberius
286 4024 362 4088 legem
379 4024 467 4073 lulium
485 4023 583 4089 paulum
601 4025 729 4073 intendisse
746 4042 789 4074 suo
807 4025 858 4074 inre
871 4024 1240 4075 eumnntviridoeti.Os.Billet.

75 4104 92 4153 l.
109 4105 124 4154 l.
142 4123 194 4171 pag.
213 4107 268 4159 176.

107 4189 125 4248 4)
159 4191 222 4237 Suet.
240 4190 291 4237 Tib.
311 4190 351 4237 48.
804 4249 807 4255 Ι

110 4271 126 4331 ⁶)
159 4273 213 4320 Tre.
231 4273 296 4320 Anu.
314 4273 356 4329 VI,
375 4272 414 4329 1⁶,
433 4273 471 4324 17.
491 4274 528 4320 Cr'.
547 4274 593 4321 Dio
611 4274 675 4322 Cret.
690 4274 776 4332 LVIII,
795 4274 835 4333 al,
852 4277 876 4335 4,
894 4276 916 4323 t.

108 4353 126 4414 ⁸)
158 4354 247 4405 Teal.
265 4354 283 4403 l.
301 4354 357 4420 Cep.
378 4354 416 4408 17.
