3084 5128
887 620 954 692 202

331 804 393 871 uni
422 803 485 871 tibi
508 811 677 890 quantum
701 802 899 891 parentibus
922 805 992 870 suis
1015 803 1160 890 quisque
1184 801 1355 870 deberet.’'
1400 801 1479 882 Quod

331 917 375 984 ad
409 917 545 983 Italiam
579 918 710 998 attinet,
744 917 854 986 Dione
889 923 971 983 teste
1012 917 1060 989 νὲς
1090 916 1121 979 δὲ
1150 919 1204 991 τὴν
1226 917 1345 996 Ῥώμην
1369 914 1481 978 ἐσελθὼν
1523 933 1524 974 ι

331 1031 433 1094 πολλὰ
466 1030 553 1093 ἐποίει
586 1035 659 1109 πρὸς
691 1054 726 1093 τε
759 1033 914 1108 διόρθωσιν
948 1040 1008 1092 τῶν
1043 1039 1141 1096 κοινῶν
1165 1032 1213 1096 καὶ
1237 1031 1311 1108 πρὸς
1335 1034 1418 1114 χάριν
1439 1038 1483 1091 τῶν

332 1145 472 1226 ἀγαθῶν,
507 1144 617 1209 ἐκείνων
642 1167 677 1207 τε
699 1147 890 1227 διαφερόντως
912 1144 1150 1224 ἐπιμελούμενος,
1176 1146 1214 1216 ὡς
1237 1146 1286 1208 aaz
1309 1156 1376 1216 ταῖς
1397 1148 1484 1205 πόλεσι
1523 1173 1524 1236 3

330 1270 397 1330 ταῖς
432 1257 460 1319 ἑν
494 1257 608 1340 Ἰταλίᾳ
643 1257 716 1335 apic
749 1259 804 1331 τὴν
826 1267 886 1320 τῶν
910 1260 1021 1320 παίδων
1043 1259 1151 1340 τροφὴν
1175 1258 1277 1320 πολλὰ
1303 1263 1482 1342 χαρίσασθαι,
1523 1285 1524 1288 “

331 1373 379 1435 καὶ
401 1373 522 1443 τούτους
543 1371 735 1451 εὐεργετῶν.”
763 1369 788 1458 ¹)
822 1371 923 1450 Quod
948 1371 1064 1452 sciam,
1078 1371 1171 1458 apud
1186 1371 1367 1458 scriptores
1378 1371 1482 1435 frustra

332 1481 432 1569 plura
455 1483 649 1550 testimonia
672 1505 823 1571 quaeres,
837 1505 924 1571 quae
941 1485 1082 1551 Traiani
1093 1484 1257 1551 alimenta
1268 1483 1442 1550 illustrent.
1461 1479 1482 1565 ¹)

333 1595 444 1662 (lausa
479 1596 574 1662 haud
606 1596 709 1665 dubie
731 1598 916 1685 repetenda
944 1603 1062 1664 estex
1088 1604 1286 1685 temporum
1309 1596 1480 1683 iniquitate,

332 1729 402 1796 qua
424 1714 493 1776 non
516 1731 627 1797 pauca
651 1710 843 1798 scriptaad
866 1711 1006 1777 Traiani
1029 1732 1177 1796 regnum
1199 1709 1405 1798 pertinentia
1422 1727 1482 1773 eva·

331 1829 492 1889 nuerunt.
538 1823 719 1890 Perierunt
743 1836 829 1911 quos
851 1825 922 1912 ipse
946 1824 1092 1890 confecit
1114 1823 1156 1889 de
1169 1822 1258 1890 bello
1271 1823 1396 1889 Dacico
1408 1840 1481 1887 con·

331 1936 501 2022 menterii,
532 1935 559 2023 ³)
583 1937 685 2023 periit
708 1938 847 2004 Traiani
872 1939 941 2005 vita
965 1960 986 2003 a
1010 1937 1120 2003 Mario
1145 1936 1300 2003 Maximo
1324 1935 1480 2020 descripta,

331 2051 507 2137 perierunt
541 2049 640 2116 Fabii
674 2051 874 2133 Marcellini,
910 2051 1042 2118 Arvelii
1087 2050 1181 2132 Veri,
1217 2050 1317 2117 Statii
1348 2046 1482 2117 Valentis

331 2163 455 2246 studia,
505 2164 585 2251 ,qui
619 2185 759 2231 omnem
794 2165 867 2232 eius
904 2165 1014 2230 uitam
1037 2165 1073 2229 in
1097 2163 1229 2230 litteras
1252 2161 1444 2230 miserunt.''
1462 2160 1481 2243 ⁴)

331 2277 469 2345 Tacitus
503 2299 593 2359 vero,
629 2300 745 2345 rerum
780 2278 838 2345 ille
859 2278 1081 2364 gravissimus
1104 2282 1231 2358 auctor,
1258 2277 1328 2363 qui,
1356 2277 1401 2356 „si
1424 2273 1480 2340 vita

331 2391 599 2478 suppedit(ar)et,
634 2391 868 2478 principatum
903 2391 975 2458 divi
998 2391 1132 2458 Nervae
1156 2398 1189 2457 et
1212 2390 1397 2478 imperium
1414 2388 1479 2453 Tra·

331 2503 402 2570 iani
426 2552 434 2568 .
458 2554 466 2571 .
491 2555 499 2570 .
524 2555 533 2571 .
556 2506 722 2572 senectuti
735 2505 990 2593 seposu(erat),''
1009 2504 1033 2591 ὗ)
1046 2505 1111 2571 hoc
1123 2502 1307 2571 consilium
1320 2502 1482 2589 quominus

330 2617 517 2703 perficeret,
542 2624 650 2685 morte
677 2618 906 2685 videturesse
928 2618 1126 2705 impeditus.
1173 2616 1220 2683 At
1243 2617 1329 2684 haec
1352 2617 1482 2682 latorum

330 2731 457 2797 iniuria
476 2731 710 2819 compluribus
733 2732 885 2798 nummis
908 2752 948 2798 ao
967 2731 1075 2797 titulis
1097 2731 1134 2796 in
1165 2751 1242 2797 aere
1259 2729 1481 2816 lapidibusque

330 2844 446 2916 incisis
482 2845 607 2932 partim
641 2846 795 2913 sarcitur.
840 2845 974 2930 Insigni
1002 2844 1141 2911 Traiani
1166 2843 1419 2911 munificentiae
1440 2836 1482 2906 vel

330 2959 526 3024 maximnm
567 2959 802 3026 testimonium
842 2958 926 3024 dant
966 2957 1204 3045 inscriptiones
1240 2957 1329 3023 duae
1365 2952 1482 3041 amplis·

331 3071 448 3153 simae,
481 3072 525 3137 ad
548 3093 634 3158 quas
656 3072 744 3138 infra
766 3071 982 3139 redeundum
1005 3071 1078 3137 erit.
1125 3069 1275 3136 Tabulas
1298 3070 1375 3136 dico
1396 3067 1481 3151 Ligu·

332 3205 412 3250 rum
442 3183 694 3251 Baebianorum
717 3191 751 3251 et
773 3183 988 3265 Veleiatium,
1017 3204 1165 3271 quarum
1188 3184 1282 3270 prior
1305 3187 1432 3271 spectat
1450 3176 1482 3244 ad

332 3318 465 3362 annum
488 3298 713 3364 centesimum
737 3299 898 3385 primum,
923 3297 1131 3365 Veleiatium
1157 3318 1237 3364 vero
1259 3296 1407 3363 duarum
1418 3291 1483 3361 obli·
1522 3279 1523 3318 ¹

332 3409 512 3496 gationum
535 3409 780 3477 documentum
805 3418 864 3494 est,
888 3411 1027 3478 alterius
1039 3417 1118 3477 ante
1130 3431 1263 3476 annum
1275 3410 1483 3476 centesimum

333 3528 496 3609 quartum
526 3523 644 3606 factae,
669 3522 808 3590 alterius
826 3531 911 3612 post,
935 3524 971 3590 id
995 3523 1087 3610 quod
1111 3529 1206 3610 patet
1227 3545 1273 3591 ex
1296 3521 1481 3609 cognomine

332 3636 452 3704 Dacico
484 3637 521 3703 in
543 3637 604 3704 illa
629 3638 762 3720 omisso,
787 3639 823 3704 in
847 3639 912 3705 hac
937 3637 1120 3724 adscripto.
1166 3638 1274 3705 Porro
1297 3653 1483 3704 commemo·

332 3749 432 3816 randi
458 3757 539 3817 sunt
561 3751 652 3819 tituli
676 3751 921 3819 Amerinorum
945 3750 1031 3819 u.1.
1055 3751 1094 3817 L.
1121 3751 1187 3834 XI,
1210 3751 1297 3818 4351
1322 3752 1371 3837 (=
1393 3743 1482 3817 Orelli

366 3939 387 3998 ¹)
421 3938 467 3987 Dio
485 3937 549 3988 Cass.
567 3938 677 3998 LXVIII,
695 3939 718 3998 ὅ,
735 3941 760 3988 4.

365 4021 384 4082 ²)
418 4022 533 4085 spartian.
551 4022 665 4071 Hadrian.
684 4022 707 4079 7,
726 4021 740 4070 8
758 4022 817 4070 nudi
834 4022 890 4072 facti
908 4021 1032 4072 meminit:
1052 4022 1152 4086 „Pueris
1168 4038 1195 4071 ac
1212 4021 1309 4088 puellis,
1330 4016 1483 4086 quibusetian

331 4104 445 4153 Traianus
462 4104 576 4153 alimenta
592 4104 714 4163 detulerat,
731 4105 903 4154 incrementum
921 4104 1071 4155 liberalitatis
1088 4104 1199 4154 adiecit.’'

364 4186 385 4247 Ι)
419 4186 589 4236 corrinnei
607 4188 687 4237 Instit.
706 4187 747 4245 VI,
766 4188 797 4236 13
814 4187 868 4250 (Ed.
887 4187 966 4246 Hertz,
984 4188 1011 4238 in
1028 4187 1103 4237 Keilii
1121 4188 1289 4238 Grammaticis
1304 4186 1408 4248 Latinis).

365 4270 385 4331 ⁴)
419 4268 478 4319 Vide
494 4269 615 4335 Iamprid.
634 4270 767 4320 Alexander
783 4271 882 4320 Severus
899 4270 940 4328 48,
959 4271 982 4320 6.

367 4353 387 4415 ⁸)
421 4351 475 4403 Tac.
493 4351 558 4402 Hiat.
575 4353 597 4412 I,
616 4353 638 4404 1.
