3040 5134
591 591 654 658 109

45 765 169 834 hiscum
190 768 267 855 pari
291 769 425 854 fastigio
449 773 544 850 stare,
570 774 689 834 tamen
714 769 849 836 saeculo
874 790 942 857 quo
954 767 1106 836 vivimus
1120 786 1210 846 „ma-

45 880 242 946 terialismo’'
279 881 397 969 (quem
423 881 559 967 vocant)
583 882 718 948 addicto
745 883 858 948 denuo
882 881 1046 968 pecuniae
1070 879 1135 965 ipsi
1158 878 1208 942 in-

45 993 132 1060 hiare
166 995 325 1060 homines
359 995 439 1060 satis
462 1000 612 1076 constat;
639 1017 743 1061 usura
766 1017 875 1063 vorax
898 995 1024 1061 multos
1048 991 1208 1059 omnibus

46 1105 135 1173 bonis
166 1109 299 1190 evertit,
335 1129 410 1174 acre
434 1115 607 1174 certamen
631 1115 749 1174 ortum
772 1116 822 1175 est
845 1110 1014 1175 intereos
1039 1107 1204 1194 quirem,

46 1226 74 1285 et
104 1243 159 1287 eos
194 1222 255 1309 qui
279 1213 419 1308 operam
446 1221 635 1304 conferunt,
660 1223 842 1289 conductio
867 1243 1013 1310 operum
1036 1226 1070 1287 et
1092 1240 1208 1286 rerum

46 1335 193 1427 omnium
226 1336 433 1402 commercia
465 1337 534 1402 fere
568 1337 606 1401 in
628 1357 821 1423 paucorum
844 1334 1209 1423 potestatem'rcdaota

45 1453 125 1529 sunt,
162 1449 210 1514 ita
244 1456 284 1514 ut
318 1448 470 1536 opulenti
507 1471 546 1516 ac
580 1450 787 1535 praedivites
822 1449 990 1536 perpauci
1015 1469 1120 1535 prope
1145 1468 1210 1512 ser-

44 1561 104 1627 vile
144 1562 266 1647 iugum
300 1563 454 1629 infinitae
489 1562 750 1650 proletariorum
785 1562 1005 1629 multitudini
1040 1561 1209 1647 imposue-

47 1674 116 1740 rint.
140 1673 165 1763 ¹)
210 1676 307 1745 Num
329 1676 483 1742 alienum
506 1683 556 1742 est
578 1677 634 1742 hic
659 1677 696 1741 in
720 1677 925 1743 memoriam
945 1697 1103 1742 revocare
1117 1695 1211 1761 prae-

47 1787 129 1854 clara
150 1789 209 1854 illa
232 1789 339 1856 verba
363 1811 449 1877 quae
474 1790 666 1877 antiquitus
692 1791 825 1877 scripsit
847 1788 1073 1855 Aristoteles?
1106 1787 1211 1874 Equi-

48 1901 119 1968 dem
154 1903 272 1988 magni
306 1903 455 1985 fecerim,
492 1903 519 1969 si
556 1905 713 1970 homines
744 1926 876 1970 morem
898 1903 997 1969 illum
1021 1901 1153 1968 abicere
1177 1907 1211 1966 et

48 2015 146 2081 velint
179 2023 213 2082 et
245 2017 376 2104 possint
399 2038 467 2104 quo
490 2017 569 2084 ficta
591 2018 699 2104 pretia
721 2024 888 2100 coemant,
916 2022 1052 2082 tantum
1075 2020 1114 2080 ut
1136 2014 1211 2100 plu·

50 2128 89 2193 ris
120 2136 236 2216 postea
270 2131 433 2198 vendant.
480 2130 581 2209 Quod
604 2131 768 2198 facientes
792 2132 819 2196 si
843 2152 912 2196 una
935 2135 1077 2196 naturae
1102 2127 1211 2212 magis

51 2244 349 2310 convenienter-
371 2245 470 2310 utin
493 2244 583 2330 agris
606 2245 758 2311 colendis
780 2283 824 2294 —
847 2244 1010 2331 pecunias
1033 2242 1209 2325 collocent,

51 2376 119 2422 mee
152 2357 292 2445 quidem
317 2357 476 2444 opinione
501 2380 553 2424 res
576 2358 794 2446 aliquantum
816 2357 931 2424 minus
954 2356 1098 2423 afflictae
1121 2356 1211 2422 futu·

53 2490 102 2534 rae
124 2470 199 2537 sint.
223 2469 250 2558 2)

91 2583 163 2649 lam
185 2585 228 2651 ad
253 2585 428 2651 Romanos
451 2591 673 2654 revertamur.
721 2587 816 2666 Quae
842 2587 886 2651 ad
910 2607 1051 2652 omnem
1067 2584 1213 2673 antiqui-

53 2701 150 2763 tatem
181 2691 364 2786 pertinent‚
400 2721 440 2765 ea
469 2721 540 2765 non
563 2700 705 2765 minime
729 2701 858 2766 cadunt
880 2699 917 2764 in
942 2701 1126 2780 Romanos,
1152 2699 1213 2786 qui

57 2811 215 2888 „maxime
250 2834 312 2879 sua
334 2834 404 2879 esse
424 2813 607 2879 credebant
631 2835 718 2901 quae
741 2836 785 2880 ex
808 2813 961 2880 hostibus
973 2813 1171 2900 cepissent.''
1185 2811 1212 2899 8)

55 2922 222 3000 Quomodo
244 2927 381 2994 divitias
404 2927 468 2993 sibi
480 2927 712 3013 colligebant?
735 2926 849 2992 Facile
863 2928 906 2993 ad
918 2948 1081 2992 nummos
1094 2947 1212 3013 perve-

55 3036 184 3105 niebant
207 3041 267 3127 qui
289 3041 359 3107 sive
384 3041 602 3126 magistratus
613 3041 639 3129 4)
663 3042 734 3109 sive
747 3041 924 3128 publicani
940 3039 962 3130 ⁵)
975 3041 1013 3106 in
1026 3040 1212 3127 provinciis

57 3160 292 3220 commorantes
317 3160 354 3220 ut
376 3155 424 3220 ita
448 3155 561 3222 dicam
584 3155 789 3240 sanguinem
811 3153 995 3220 mittebant
1019 3154 1150 3220 miseris
1161 3154 1212 3220 in·

59 3263 188 3350 digenis,
213 3268 274 3356 qui
296 3267 393 3336 varia
415 3269 580 3355 pecuniae
598 3269 735 3354 negotia
747 3269 921 3354 gerebant,
937 3267 963 3356 6)
977 3269 1037 3356 qui
1049 3268 1212 3356 pecunias

91 3493 106 3555 ¹)
121 3495 153 3545 Cf.
170 3497 255 3546 Leoms
272 3497 349 3560 Papae
366 3497 426 3546 XIII
442 3497 494 3546 Litt
517 3497 615 3562 Encycl.
633 3499 668 3547 De
686 3497 760 3548 Cond.
778 3497 843 3562 Opis.
862 3497 914 3560 (lid.
932 3498 1040 3562 Friburg.
1059 3515 1110 3564 pag.
1129 3501 1161 3562 9).

89 3575 106 3634 ²)
120 3579 195 3629 Etiam
223 3579 389 3645 „socialismi”
407 3579 527 3630 columina
543 3580 631 3643 (Marx)
648 3581 677 3630 ad
694 3581 847 3630 Aristotelem
864 3581 940 3630 redire
956 3581 1023 3630 docet
1039 3582 1144 3641 Sehsffle,
1162 3583 1213 3632 Bau

61 3661 104 3708 und
118 3661 190 3712 leben
207 3665 247 3713 des
264 3663 365 3712 socialen
383 3664 492 3728 Kdrpers,
510 3665 522 3712 1
540 3680 590 3728 pag.
610 3664 664 3713 254.

89 3741 106 3803 ³)
121 3745 188 3795 Gaius
203 3749 262 3796 Inst.
280 3747 322 3804 lv,
341 3747 380 3796 la.

89 3827 106 3888 ⁴)
122 3829 166 3878 Cic.
182 3831 218 3879 De
235 3831 297 3894 Imp.
315 3829 359 3880 Cn.
377 3831 462 3895 Pomp.
481 3829 520 3888 22,
539 3831 589 3878 65:
609 3831 726 3894 „Difficile
743 3834 778 3880 est
795 3830 866 3889 dictu,
885 3829 999 3895 Quirites,
1017 3833 1104 3893 quanto
1122 3830 1148 3879 in
1157 3831 1211 3880 odio

62 3908 126 3960 simus
140 3915 200 3977 apud
216 3917 304 3963 exteras
320 3913 428 3963 nationes
446 3918 541 3978 propter
558 3930 647 3972 eorum,
664 3931 723 3978 quos
739 3915 769 3963 sd
785 3930 823 3963 css
839 3929 881 3978 per
897 3914 940 3962 hos
957 3928 1031 3962 annos
1047 3914 1211 3978 cumimperio

63 3993 165 4054 misimus,
182 3996 295 4046 libidines
312 4004 336 4046 et
352 3996 477 4046 iniurias?
735 4043 736 4046 ,

90 4077 106 4137 ⁸)
120 4077 169 4130 biv.
185 4079 313 4139 mura,
330 4081 362 4128 4:
381 4079 445 4144 „Ubi
459 4079 601 4144 publicanus
618 4083 659 4138 est,
677 4080 712 4130 ibi
729 4083 770 4129 sut
786 4080 824 4129 ius
840 4079 964 4144 publicum
980 4096 1069 4130 vanum
1086 4083 1128 4131 aut
1141 4080 1211 4132 libcr-

63 4160 122 4210 tatem
137 4163 203 4212 sociis
218 4163 312 4213 nullam
328 4163 402 4212 esse.''

90 4243 106 4305 ε1
122 4245 165 4312 Qui
181 4247 267 4297 diversi
284 4247 377 4312 generis
394 4263 505 4297 nummos
521 4247 694 4312 permutabant,
711 4248 735 4296 et
750 4245 896 4310 accipiebant
912 4247 1037 4312 pecuniam
1048 4252 1071 4298 et
1087 4247 1212 4313 erogabant

64 4337 98 4387 per
123 4333 196 4393 partes
220 4331 284 4394 (Dig.
310 4331 343 4390 11,
363 4331 401 4388 13,
419 4331 442 4388 9,
461 4331 492 4392 2),
510 4346 552 4396 per
568 4346 673 4380 mensam
690 4333 813 4394 argentum
831 4329 923 4380 credere
939 4331 1045 4381 solebant
1061 4331 1091 4380 ad
1107 4347 1212 4394 usuram,
