3084 5128
699 1526 832 1596 PARS
865 1525 1079 1587 TERTIA.

424 1734 570 1815 Quam
605 1755 767 1802 auram
801 1735 1057 1821 egentium
1091 1732 1362 1800 habuerint

658 1848 850 1936 privati
884 1849 1119 1915 homines.

348 2075 391 2141 In
420 2074 558 2163 publiea
591 2076 767 2161 egentium
801 2097 883 2142 cura
917 2075 997 2142 satis
1033 2075 1093 2141 diu
1118 2073 1320 2141 commorati
1343 2090 1452 2138 sumus.

304 2190 356 2256 Da
391 2189 525 2275 privata
558 2210 665 2275 aeque
693 2190 766 2256 fuse
789 2189 926 2278 lateque
949 2189 1062 2255 dicere
1088 2210 1151 2255 neo
1177 2193 1275 2255 vacat
1299 2186 1381 2253 mihi
1402 2203 1453 2248 nea

305 2300 417 2389 placet
439 2324 548 2389 neque
571 2325 652 2369 vero
675 2325 728 2370 ras
750 2304 824 2390 ipsa
846 2302 1005 2390 postulat.
1053 2302 1143 2369 Cum
1166 2302 1261 2368 enim
1281 2299 1455 2368 cavendum
1525 2289 1526 2330 ³

306 2421 356 2481 est
389 2437 432 2481 ne
467 2436 570 2501 supra
603 2417 747 2482 modum
776 2423 904 2483 arescat
928 2417 1013 2482 haee
1037 2416 1234 2502 disputatio,
1259 2422 1335 2481 tum
1357 2411 1456 2480 omnia
1525 2423 1526 2468 i

308 2549 395 2616 quae
429 2528 554 2614 privati
583 2529 739 2596 homines
761 2551 805 2596 ex
828 2551 1022 2616 pauperum
1046 2551 1109 2595 usu
1134 2530 1292 2596 fecerunt
1316 2527 1377 2596 sub
1398 2544 1454 2589 uno

307 2647 446 2728 aspectu
468 2663 604 2728 ponere,
628 2643 719 2730 quod
745 2665 787 2709 ne
812 2644 849 2709 in
872 2644 937 2710 lroa
962 2643 1103 2730 quidem
1125 2649 1215 2709 statu
1241 2663 1357 2708 rerum
1376 2637 1457 2705 facile

308 2755 453 2837 videtur,
488 2763 616 2842 quanto
651 2756 822 2823 difficilius
852 2763 902 2824 est
930 2757 967 2822 in
989 2756 1156 2823 Romanis
1180 2777 1220 2822 ao
1244 2777 1352 2843 paene
1382 2749 1460 2840 quod

308 2869 380 2936 fieri
404 2891 500 2956 posse
525 2891 660 2957 prorsus
684 2871 872 2956 negaveris.
918 2871 1010 2937 Nam
1032 2871 1207 2936 Romanos
1219 2875 1253 2936 et
1264 2870 1355 2956 ipsos
1366 2865 1461 2933 multo

308 2983 424 3049 minus
458 3005 563 3070 quam
597 3005 668 3065 nos,
704 2990 738 3050 et
766 2984 929 3072 privatim
957 3005 1074 3050 rursus
1097 2983 1204 3050 etiam
1228 2981 1463 3049 multominus

310 3117 417 3184 quam
449 3096 585 3182 publice
624 3104 715 3164 certa
739 3099 889 3184 quadam
913 3098 969 3164 via
993 3119 1032 3164 aa
1055 3097 1186 3165 ratione
1209 3118 1403 3184 pauperum
1423 3115 1463 3160 ra·

310 3208 461 3275 tionibus
494 3211 705 3297 prospexisse
740 3218 880 3278 constat.
927 3211 1040 3278 immo
1064 3232 1152 3298 quae
1176 3210 1315 3298 publice
1340 3209 1464 3286 fiebant,

311 3323 445 3389 etiamsi
468 3324 602 3408 proprie
623 3325 799 3409 egentium
818 3347 900 3392 aura
923 3325 991 3390 diei
1014 3347 1084 3391 non
1105 3325 1219 3412 possit,
1246 3322 1351 3410 vulgo
1364 3330 1465 3389 tamen

312 3436 356 3502 ad
378 3434 534 3520 regulam
558 3437 732 3523 quandam
755 3437 991 3524 dirigebantur
1003 3460 1012 3519 ;
1039 3460 1126 3525 quae
1148 3438 1312 3525 privatim
1334 3443 1467 3524 praesta·

313 3549 448 3630 bantur,
472 3548 675 3637 plerumque
699 3552 793 3618 nuda
815 3553 904 3618 facta
928 3558 1034 3634 erant,
1060 3573 1147 3639 quae
1172 3551 1267 3618 haud
1291 3573 1373 3618 sane
1392 3550 1472 3616 inter

315 3684 349 3729 se
383 3661 619 3731 cohaerebant.
677 3664 819 3731 Accedit
853 3665 944 3752 quod
972 3665 1296 3752 'divites-Romani,
1333 3686 1411 3732 oum
1441 3662 1471 3725 in

314 3777 535 3864 pauperiores
580 3777 671 3845 aives
716 3801 793 3845 suos
832 3778 998 3845 beneficia
1032 3778 1266 3860 conferebant,
1304 3801 1373 3845 non
1408 3795 1473 3843 raro
1525 3811 1526 3844 r

315 3892 562 3979 imperatorum
598 3892 747 3978 vestigiis
780 3893 982 3959 insistebant
1016 3899 1075 3958 aut
1110 3899 1199 3958 certe
1234 3914 1316 3960 oum
1353 3889 1474 3958 illisio

317 4005 457 4093 paribus
479 4005 739 4072 liberalitatibus
762 4005 996 4074 versabantur.
1045 4007 1140 4086 Quae
1167 4007 1309 4092 quidem
1326 4008 1391 4073 nisi
1403 4026 1476 4092 pau·

318 4118 366 4185 cis
389 4118 615 4201 absolvamus,
640 4121 750 4203 oredo,
775 4120 840 4186 erit
855 4121 1049 4188 verendum
1064 4143 1107 4188 ne
1122 4120 1333 4188 cantilenam
1345 4119 1477 4188 eandem
1525 4117 1526 4190 J

237 4263 239 4268 ’
319 4252 440 4304 canere
464 4232 654 4302 videamur.
1525 4257 1526 4298 r
