3084 5128
628 586 692 652 283

118 785 141 831 c.
181 781 291 830 mors.

117 876 230 943 Huius
264 876 423 944 vocabuli
456 876 622 944 naturalis
655 876 859 964 significatio
889 875 1077 964 unicuique
1100 874 1241 964 patebit.

74 989 169 1077 Inops
190 990 284 1058 enim
306 997 358 1058 est
379 991 417 1073 is,
442 990 502 1077 qui
526 989 569 1057 ab
592 990 713 1076 (omni)
737 990 867 1058 auxilio
890 995 941 1057 est
963 989 1155 1073 destitutus,
1181 990 1242 1078 qui

74 1102 198 1190 (plane)
226 1110 277 1170 est
299 1104 451 1171 desertus
474 1125 513 1172 ao
536 1103 728 1172 derelictus.
753 1101 779 1191 ¹)
824 1102 1058 1184 Quamobrem
1082 1123 1241 1170 nonnun-

75 1240 177 1305 quam
218 1220 441 1287 ooniunctum
474 1217 650 1292 invenitur
683 1238 764 1285 cum
801 1216 975 1285 vocabulis
1008 1215 1241 1284 indicantibus

71 1332 298 1399 solitudinem.
345 1332 514 1420 Exempla
545 1337 746 1418 sequuntur,
771 1331 943 1419 imprimis
966 1329 1171 1398 substantivi
1196 1329 1241 1398 ab

71 1447 161 1534 inope
183 1447 352 1532 originem
364 1446 532 1528 ducentis,
544 1447 693 1532 inopiam
705 1445 791 1528 dico,
806 1445 868 1511 ubi
882 1445 1003 1512 eadem
1016 1444 1239 1514 observanda.

157 1561 225 1628 Oic.
260 1561 312 1627 De
335 1561 411 1626 Fin.
435 1561 496 1642 IV,
521 1561 574 1641 23,
598 1559 641 1625 62
671 1559 705 1625 in
732 1580 833 1626 versu
857 1580 901 1624 ex
924 1559 1030 1625 Ennii
1054 1559 1239 1627 Alcmaeo:

116 1676 644 1756 „....circumventus
689 1673 863 1752 morbo,
909 1672 1093 1740 exsilio
1136 1679 1197 1740 at·

113 1787 427 1876 queinopia”

112 1903 162 1971 Id.
186 1903 253 1970 Pro
276 1903 376 1970 Rosc.
399 1901 515 1969 Amer.
539 1901 569 1985 7,
594 1902 658 1969 2οε

158 2017 316 2098 „Bonitas
350 2016 568 2104 praediorum
604 2067 611 2082 .
647 2065 655 2080 .
692 2067 699 2082 .
734 2066 742 2082 .
781 2065 855 2096 ..‚
891 2014 995 2080 huius
1021 2013 1139 2100 inopia
1161 2020 1195 2080 ct

111 2130 256 2198 solitudo
279 2128 598 2203 commemoratur.'’

112 2243 237 2311 Cornif.
262 2244 306 2311 ad
329 2245 483 2312 Heroon.
506 2244 534 2328 1,
559 2243 590 2325 5,
615 2245 656 2310 8:

157 2357 264 2438 „Item
304 2358 332 2424 si
370 2363 485 2446 nostra
518 2356 737 2426 incommoda
771 2356 992 2444 proferemus,
1028 2353 1192 2441 inopiam,

111 2472 338 2554 solitudinem,
363 2469 627 2540 calamitatem.'’

113 2585 179 2654 Cio.
203 2587 270 2654 Pro
293 2586 430 2666 Quinct.
457 2586 486 2666 1,
511 2584 551 2652 5:

156 2699 305 2782 „Quodsi
328 2705 366 2768 tu
388 2698 495 2766 iudex
519 2697 614 2764 nullo
637 2697 805 2784 praesidio
821 2697 923 2763 fuisse
943 2694 1101 2764 videbere
1114 2716 1192 2762 oon-

112 2819 162 2881 tra
180 2814 252 2882 vim
276 2820 310 2882 et
332 2813 480 2900 gratiam
503 2812 679 2878 solitudini
703 2818 806 2898 atque
829 2807 1000 2897 inopiae.”

111 2928 177 2995 Oic.
201 2927 269 2997 Pro
293 2927 427 2995 Cluent.
453 2927 505 3007 20,
530 2926 593 2992 57;

155 3043 295 3129 „Itaque
317 3048 393 3108 tum
417 3039 474 3106 ille
497 3039 615 3127 inopia
637 3045 671 3104 et
694 3038 892 3104 necessitate
915 3041 1052 3102 coactus
1065 3084 1190 3103 ......

111 3154 296 3242 confugit.'’

110 3268 208 3338 Ovid.
232 3269 314 3336 Met.
339 3269 436 3349 XIV,
457 3269 545 3334 217:

154 3383 281 3465 „Solus
306 3383 414 3470 inops,
440 3403 570 3468 exspes
595 3379 663 3446 leto
686 3401 886 3466 poenaeque
911 3376 1079 3468 relictus.”

9 3545 10 3582 ,
107 3497 225 3586 Inepte
258 3496 418 3563 omnibus
453 3496 544 3562 hisce
579 3494 662 3561 locis
684 3499 799 3580 aperte
822 3493 915 3560 idem
939 3497 989 3559 est
1012 3491 1105 3579 quod
1129 3490 1234 3556 Grae·

68 3627 179 3676 corum
212 3613 328 3688 ἀπορία.
379 3609 516 3676 Consilii
538 3630 637 3696 saepe
661 3607 818 3673 additum
841 3606 1027 3686 invenitur,
1052 3626 1082 3670 c.
1105 3625 1138 3688 g.
1163 3603 1232 3669 Cio.

69 3721 119 3788 Ad
141 3725 211 3792 Att.
237 3724 297 3802 VI,
321 3725 351 3805 3,
376 3725 395 3788 2
409 3745 416 3805 ;
441 3722 542 3790 Ovid.
566 3721 647 3789 Met.
671 3721 733 3803 IX,
758 3721 843 3802 746;
869 3725 932 3785 etc.

107 3838 204 3926 Inops
226 3859 308 3905 vero
332 3859 401 3904 non
426 3837 537 3903 solum
556 3836 585 3902 is
608 3835 742 3916 dicitur,
767 3833 827 3920 qui
840 3832 912 3898 sine
926 3853 982 3918 ope
994 3828 1160 3915 (auxilio),
1174 3828 1232 3896 sed

69 3952 175 4034 etiam,
200 3953 261 4041 qui
283 3953 356 4018 sine
379 3951 491 4039 opibus
513 3957 573 4017 est.
598 3948 755 4029 Pluralis‚
776 3954 815 4013 ut
827 3945 1045 4013 notissimum
1058 3950 1117 4032 cst,
1131 3943 1233 4009 inter·

72 4063 149 4134 dum
184 4067 325 4155 quidem
359 4065 453 4132 idem
475 4063 645 4150 significat
669 4062 761 4150 quod
784 4059 977 4146 singularis
1003 4057 1061 4125 sed
1084 4056 1233 4143 plerum·

101 4327 117 4391 ¹)
146 4309 186 4378 Sic
211 4331 264 4380 iam
286 4330 360 4379 Verre
388 4330 415 4380 L.
433 4329 460 4380 L.
481 4328 510 4388 V,
528 4329 567 4388 17,
590 4327 638 4376 92:
658 4325 712 4390 „lb
729 4325 808 4374 ecdem
826 4326 887 4389 (ope)
904 4323 976 4388 Inops
992 4322 1034 4387 qui
1050 4321 1102 4370 eius
1118 4317 1234 4385 indiget.''

1103 4413 1145 4479 19
