3040 5134
861 593 925 658 144

307 769 469 856 idemque
503 768 653 836 declarat
676 775 778 857 atque
802 770 965 837 Latinum
985 791 1147 857 pauperae,
1171 769 1347 836 notionem
1371 768 1457 834 habet

307 905 431 970 parum
455 883 660 951 distinctam.
707 884 807 951 Credi
831 890 940 972 potest
952 885 1064 970 ipsam
1080 882 1250 948 urbanam
1263 881 1397 969 plebem
1409 882 1459 947 hoe

309 995 475 1064 vocabulo
512 1018 581 1063 esse
605 997 833 1082 designatum.
859 997 884 1084 ¹)
931 997 1099 1078 Alterum,
1121 1017 1189 1083 quo
1212 996 1366 1062 redditur
1388 995 1461 1060 Lati·

307 1132 393 1177 num
415 1112 508 1197 inope
530 1110 585 1177 vel
606 1133 703 1196 opero,
729 1117 890 1197 quattuor
915 1111 1007 1198 quod
1031 1110 1136 1177 sciam
1160 1109 1308 1177 occurrit
1330 1109 1408 1175 locis
1428 1107 1460 1172 ad

307 1245 381 1290 rem
407 1223 668 1289 frumentariam
692 1223 952 1311 pertinentibus.
1000 1225 1049 1289 Hi
1071 1223 1136 1291 leci
1158 1230 1258 1289 sunt:
1280 1222 1369 1288 Plut.
1392 1222 1458 1287 Cato

307 1337 391 1401 min.
416 1337 479 1417 26;
503 1336 554 1403 Id.
579 1338 672 1403 Caes,
697 1339 737 1414 8;
765 1338 829 1403 Dio
853 1337 943 1404 Cass.
968 1337 1171 1418 XXXVIII,
1205 1337 1311 1417 13‚1;
1335 1336 1458 1420 Dionys.
1504 1387 1507 1400 .

1506 1546 1507 1591 ι

305 1449 417 1515 Helie.
452 1449 514 1531 IV,
552 1450 605 1530 24,
640 1451 671 1516 5.
702 1451 728 1537 ί)
775 1452 911 1518 Priores
946 1452 1014 1517 duo
1039 1451 1162 1517 docent
1184 1451 1304 1537 inopes
1327 1447 1458 1523 (ἂνόννι)

306 1564 433 1630 Catone
469 1569 606 1630 auctore
642 1565 731 1630 inter
754 1566 970 1631 frumentum
993 1564 1198 1651 accipientes
1221 1570 1371 1650 receptos
1394 1583 1458 1641 esse,

306 1677 348 1743 de
372 1676 590 1744 divitioribus
615 1677 761 1744 exclusis
785 1678 873 1743 nihil
896 1678 1048 1755 addunt;
1074 1676 1188 1743 alteris
1211 1675 1308 1763 plebs
1328 1678 1459 1742 frumen·

306 1789 393 1856 tario
416 1789 475 1856 illa
499 1791 640 1877 quidem
664 1813 746 1858 voce
769 1800 873 1877 ἄποροι
892 1791 1112 1876 significatur,
1137 1812 1208 1856 non
1230 1796 1346 1856 tamen
1368 1788 1459 1876 sequi-

306 1910 363 1970 tur
396 1904 453 1991 (ne
488 1926 506 1970 e
543 1904 701 1991 Dionysii
736 1906 877 1993 quidem
899 1905 983 1988 loeo,
1009 1905 1069 1993 qui
1092 1905 1240 1992 pertinet
1263 1904 1307 1970 ad
1330 1901 1460 1988 Augusti

307 2018 475 2105 tempera)
511 2024 548 2083 ut
585 2017 710 2105 quibus
745 2021 959 2086 frumentum
994 2019 1263 2099 distribueretur,
1288 2018 1313 2084 ii
1337 2039 1370 2083 re
1396 2037 1459 2083 vera

310 2153 430 2198 omnes
453 2131 581 2197 luerint
604 2132 732 2219 inopes.
778 2133 905 2220 Inopes
929 2134 1032 2214 enim,
1056 2154 1136 2198 cum
1160 2131 1264 2197 semel
1281 2130 1413 2196 admissi
1423 2149 1460 2194 es·

308 2251 392 2326 sent‚
416 2251 544 2310 ceteros
569 2245 791 2312 multitudine
819 2246 1036 2334 aliquantum
1061 2265 1234 2332 superasse
1258 2245 1459 2310 manifestum

308 2365 367 2436 est,
396 2359 597 2445 praesertim
620 2380 700 2424 cum
724 2381 784 2446 per
807 2361 943 2426 fraudes
966 2359 1069 2426 multi
1091 2359 1247 2445 inrepere
1271 2358 1420 2424 solerent.
1440 2353 1459 2439 ³)

307 2472 365 2538 Ad
386 2492 471 2558 quas
490 2472 725 2558 reprimendas
749 2472 900 2539 Caesaris
923 2473 1198 2560 consiliaparum
1210 2472 1359 2538 efficacia
1372 2475 1460 2537 orant.

308 2585 493 2670 Dionysius
527 2591 652 2667 autem,
689 2607 768 2651 cum
805 2608 896 2653 anno
931 2610 961 2653 a.
986 2608 1018 2653 u.
1044 2608 1071 2653 o.
1097 2587 1162 2653 724
1193 2586 1236 2670 (a.
1261 2586 1342 2652 Chr.
1365 2608 1396 2650 n.
1417 2583 1461 2666 30)

309 2701 458 2766 Romam
494 2699 625 2766 venerit
659 2699 776 2787 ibique
812 2701 897 2767 duos
916 2707 950 2767 et
972 2701 1096 2786 viginti
1119 2721 1227 2767 annos
1250 2706 1400 2766 moratus
1420 2697 1460 2774 sit,

342 2926 364 2988 1)
398 2927 435 2975 ci.
457 2927 516 2975 Xen.
543 2927 642 2976 Memor.
661 2928 701 2987 IV,
721 2931 744 2990 2,
763 2932 809 2984 37:
832 2922 907 2984 ρΚαί
926 2925 957 2982 τί
977 2921 1100 2998 νομίζεις
1120 2920 1214 2996 δῆμον
1236 2905 1326 2993 εἶναιρ
1350 2953 1386 2962 -
1403 2911 1463 2981 Τοὺς

308 3009 438 3082 πένητας
457 3015 517 3068 τῶν
537 3015 668 3069 πολιτῶν
688 3012 816 3089 ἐ’γωγε.”
840 3027 938 3092 Dionys.
957 3027 1034 3076 Halio.
1044 3025 1174 3074 identidem
1184 3024 1287 3088 plebeios
1299 3024 1411 3087 (clientes)
1418 3019 1466 3070 dicit
1511 3057 1513 3066 ,

309 3115 422 3166 loriano
439 3104 575 3178 πένητες,
603 3122 629 3167 ut
654 3117 687 3175 11,
716 3121 739 3176 o,
758 3120 788 3178 3³
807 3120 848 3178 1v,
870 3123 893 3178 o,
911 3121 942 3178 o;
965 3119 1005 3176 vr,
1024 3117 1064 3175 as,
1082 3118 1096 3166 a
1115 3120 1158 3164 ee.
1172 3116 1208 3164 or.
1226 3116 1298 3165 eoam
1316 3116 1391 3165 rrius.
1408 3113 1465 3160 ron.
1511 3089 1513 3118 ¹

310 3199 454 3260 111‚1,12‚
481 3200 522 3249 ubi
547 3202 680 3264 iunguntur
705 3202 818 3252 vocabula
832 3201 917 3267 plebeii
933 3205 956 3251 ct
972 3216 1110 3266 pauperes:
1129 3198 1297 3263 „Quamquam
1316 3214 1358 3246 nos
1375 3197 1467 3246 uidemur
1512 3207 1513 3258 j

310 3281 355 3331 tibi
372 3283 459 3348 plebeii
475 3287 498 3333 et
516 3284 654 3349 pauperes.'’
1512 3321 1513 3352 ρ

347 3364 366 3426 ²)
398 3366 433 3414 De
459 3366 581 3415 Plutarchi
607 3367 666 3416 locis
692 3369 728 3432 egi
747 3385 798 3432 pag.
818 3369 865 3417 lae
883 3385 937 3416 cum
955 3367 1008 3416 adn.
1027 3370 1050 3423 4,
1069 3367 1096 3415 de
1114 3365 1207 3424 Dionis,
1225 3367 1334 3429 corrupto
1352 3379 1410 3421 sare,
1426 3375 1467 3425 pes·

312 3458 359 3506 133
378 3459 431 3508 adn.
451 3460 473 3508 ὅ.
492 3460 556 3508 Plut.
574 3460 638 3508 Caes.
658 3462 672 3510 8
691 3478 761 3526 supra
778 3479 826 3511 non
843 3462 962 3525 exscripsi.
981 3460 1078 3524 Legitur
1094 3459 1144 3508 ibi:
1166 3443 1239 3514 ιιΔίὲ
1257 3446 1307 3509 καὶ
1318 3447 1420 3506 Κάτων
1429 3463 1467 3521 φο·
1511 3425 1513 3518 l

312 3540 421 3612 βηθείς
441 3542 579 3618 μάλιστα
600 3539 651 3603 τόν
668 3541 700 3606 ἐκ
723 3553 782 3604 τῶν
802 3544 920 3621 ἀπόρων
941 3544 1144 3618 νεωτερισμόν,
1168 3547 1196 3602 οἳ
1210 3548 1264 3602 τοῦ
1274 3539 1385 3612 παντός
1394 3538 1467 3600 orir-

313 3658 414 3712 καυμα
445 3639 582 3708 πλήθους
612 3625 688 3707 ἦσαν
719 3638 748 3700 ἓν
779 3648 821 3718 τῷ
854 3642 978 3715 Καίσαρι
1004 3639 1061 3710 τὰς
1087 3637 1210 3709 ἐλπίδας
1230 3638 1362 3719 ἔχοντες,
1387 3637 1468 3698 ἔπεισε
1512 3635 1513 3676 ³

314 3731 369 3798 τὴν
399 3735 573 3810 σύγκλητον
603 3735 758 3813 ἀπονεῖμαι
778 3737 940 3812 σιτηρέσιον
960 3734 1056 3806 αὐτοῖς
1077 3734 1217 3812 ἔμμηνον,
1245 3732 1278 3815 ἐξ
1299 3726 1330 3794 οὗ
1351 3734 1468 3798 δαπάνης
1511 3681 1513 3770 l

314 3826 369 3906 μὲν
396 3830 571 3894 ἑπτακόσιαι
600 3836 787 3902 πεντήκοντα
808 3835 945 3911 μυριάδες
966 3832 1094 3894 ἐνιαύσιοι
1115 3837 1327 3910 προσεγίνοντο
1350 3841 1407 3900 τοῖς
1425 3829 1468 3886 σ’ίλ-
1512 3899 1513 3902 ¹

314 3931 375 3997 λοις
403 3927 608 4004 ἁναλὼμασι.”
643 3941 752 4004 Dionysii
768 3940 838 3988 verba
855 3941 909 3989 haec
927 3947 998 3992 sunt:
1032 3934 1073 3997 ροί
1103 3931 1130 3990 δ’
1153 3935 1194 4004 (86·
1219 3930 1400 4009 τυγχάνουσι
1424 3931 1468 3990 ris
1512 3959 1513 3962 ¹

314 4025 492 4105 ἐλευθερίας)
512 4030 557 4090 ίνα
578 4029 629 4090 τόν
650 4030 780 4109 δημοσίᾳ
801 4029 950 4106 διδόμενον
970 4043 1052 4092 σῖτον
1072 4032 1283 4110 λαμβάνοντες
1299 4030 1378 4095 κατὰ
1401 4035 1468 4104 μόνα

314 4125 363 4188 καί
384 4127 470 4195 εἴτις
490 4126 570 4198 ἄλλη
588 4126 671 4203 παρὰ
693 4134 752 4186 τῶν
762 4127 931 4202 ἡγουμένων
941 4134 1075 4205 γίγνοιτο
1086 4139 1147 4200 τοῖς
1157 4129 1276 4204 ἀπόροις
1286 4138 1344 4190 τῶν
1355 4130 1469 4188 πολιτῶν

313 4226 519 4300 φιλανθρωπία
540 4223 645 4302 φέρωσι
665 4233 726 4292 τοῖς
741 4223 880 4284 δεδωκόσι
901 4223 955 4290 τὴν
976 4222 1172 4300 ἒλευθερίαν.”
1512 4279 1513 4284 ,

347 4319 367 4379 ³)
401 4318 459 4368 Vide
486 4335 537 4384 pag.
558 4320 604 4369 133
623 4337 679 4385 seq.,
699 4320 746 4369 150
763 4325 786 4369 et
802 4321 913 4385 Dionysii
931 4321 1010 4372 locum
1028 4322 1054 4371 in
1072 4323 1148 4388 priore
1165 4324 1315 4374 adnotatione
1332 4321 1467 4385 exscriptum·
