3122 5130
632 543 674 606 63

76 741 149 786 rum
173 721 444 807 negotiatoribus
465 721 501 785 in
526 720 678 805 singulos
701 719 864 785 modios.''
891 717 913 795 1)
937 719 988 784 De
1006 719 1149 786 Claudio
1161 719 1243 786 Sue-

74 834 199 899 tonius:
228 834 384 914 „Artiore
409 840 525 898 autem
536 854 675 898 annona
688 832 731 898 ob
745 831 897 898 assiduas
910 831 1112 914 sterilitates,
1126 833 1241 898 deten-

76 954 124 1011 tus
147 948 324 1034 quondam
347 947 460 1012 medio
483 947 556 1011 foro
580 969 599 1011 a
622 946 723 1011 turba
742 945 974 1031 conviciisque
995 951 1029 1010 et
1052 945 1153 1011 simul
1177 946 1241 1011 fra-

75 1060 241 1144 gminibus
265 1061 365 1147 panis
387 1061 436 1124 ita
457 1060 645 1138 infestatus,
672 1064 711 1123 ut
734 1079 834 1143 aegre
858 1079 921 1124 nec
945 1058 1011 1124 nisi
1023 1059 1152 1144 postico
1165 1081 1241 1126 eva-

77 1174 148 1238 dere
181 1173 217 1238 in
252 1174 428 1239 Palatium
461 1173 618 1253 valuerit,
643 1171 732 1236 nihil
755 1193 826 1237 non
850 1171 1058 1256 excogitavit
1081 1172 1125 1236 ad
1147 1173 1241 1239 inve-

77 1286 199 1352 hendos
222 1288 330 1352 etiam
352 1294 505 1372 tempore
529 1285 674 1351 hiberno
698 1292 919 1350 commeatus,
968 1285 1058 1350 Nam
1082 1293 1115 1350 et
1139 1308 1240 1371 nego·

78 1400 248 1466 tiatoribus
283 1407 376 1466 certa
410 1399 505 1465 lucra
539 1400 725 1486 proposuit,
751 1406 907 1484 suscepto
931 1399 968 1463 in
992 1421 1025 1464 se
1050 1399 1187 1481 damno,
1213 1400 1240 1465 si

79 1505 128 1568 cui
161 1506 244 1592 quid
280 1527 342 1592 per
376 1511 593 1591 tempestates
628 1504 812 1584 accidisset,
843 1509 877 1568 et
900 1525 1005 1570 naves
1030 1512 1241 1570 mercaturae

79 1639 169 1684 causa
203 1617 454 1684 fabricantibus
488 1639 614 1702 magna
637 1618 818 1683 commoda
843 1617 1020 1684 constituit
1043 1640 1104 1704 pro
1127 1619 1242 1684 eondi-

79 1731 162 1796 tione
185 1732 385 1818 cuiusque.''
411 1729 437 1818 2)
466 1732 748 1796 Potentissimum
772 1737 1018 1815 argumentum
1038 1732 1135 1796 estid
1148 1733 1241 1819 quod

79 1843 205 1911 Tacitus
241 1853 361 1911 narrat
392 1845 433 1910 de
459 1845 604 1911 Neronis
634 1867 760 1929 regno:
790 1845 903 1924 „Quin
929 1852 962 1911 et
985 1845 1240 1912 dissimulandis

81 1979 186 2023 rerum
220 1967 445 2024 externarum
479 1959 569 2024 curis
592 1959 682 2024 Nero
707 1959 921 2023 frumentum
945 1958 1053 2044 plebis
1072 1966 1239 2025 vetustate

82 2080 273 2158 corruptum
308 2073 345 2136 in
379 2072 531 2138 Tiberim
565 2061 652 2152 iecit,
687 2093 779 2157 quo
816 2073 1145 2138 securitatem
1172 2095 1241 2138 an-

82 2205 223 2251 nonae
272 2192 595 2251 sustentaret.
642 2186 769 2250 cuius
804 2186 969 2270 pretio
1004 2186 1135 2250 nihil
1174 2187 1241 2252 ad-

84 2297 228 2364 ditum
267 2306 348 2380 est,
387 2300 544 2386 quamvis
568 2299 731 2364 ducentas
750 2299 855 2364 ferme
880 2320 984 2364 naves
1007 2307 1108 2386 portu
1120 2300 1156 2364 in
1168 2301 1241 2387 ipso

84 2411 236 2480 violentia
271 2413 482 2499 tempestatis
509 2419 543 2478 et
566 2419 705 2478 centum
729 2412 813 2477 alias
835 2412 952 2478 Tiberi
977 2413 1155 2480 subvectas
1178 2415 1243 2480 for·

83 2525 177 2591 tuitus
198 2527 290 2612 ignis
313 2526 585 2612 absumpsisset.''
610 2525 633 2601 ³)

121 2638 163 2704 At
196 2640 422 2727 quantumvis
455 2661 562 2726 parvo
596 2640 704 2725 pretio
728 2639 794 2705 eibi
820 2646 984 2721 constent,
1010 2641 1038 2706 si
1062 2641 1149 2707 desit
1173 2663 1241 2729 qno

83 2761 324 2839 comparentur,
350 2753 434 2840 quid
456 2754 579 2820 iuvat?
602 2753 786 2831 Quaeritur
808 2753 912 2837 igitur
929 2754 1099 2820 fuerintne
1111 2755 1241 2822 Romae

84 2945 154 3004 Nesse,
172 2948 323 2998 Meletersats
340 2948 368 2995 de
385 2947 451 3012 publ.
470 2963 527 2996 cura
544 2963 630 2995 annon.
649 2963 686 3010 ap.
705 2947 812 3002 Roman,
832 2962 883 3010 pag.
900 2947 947 2994 40:
968 2949 1052 3013 „Quod
1069 2955 1146 2998 auteur
1165 2953 1241 3001 inho·

85 3045 131 3078 rum
146 3036 279 3096 temporum
297 3031 396 3080 historia
413 3033 460 3079 lere
477 3047 599 3094 nunquam
617 3031 645 3078 de
663 3033 722 3078 lame
740 3035 762 3078 et
780 3031 860 3094 inopia
879 3031 967 3079 urbana
984 3033 1100 3093 audimus,
1118 3038 1195 3084 nescio
1213 3055 1242 3087 au

85 3112 175 3162 sontium
192 3131 286 3179 quoque
303 3115 416 3178 augustiis
432 3115 586 3163 tribuendum
604 3113 660 3162 sit.”
678 3114 713 3161 Os.
724 3114 795 3161 etiarn
804 3113 898 3166 Pdhlm.
908 3100 995 3164 llberv.
1005 3133 1056 3180 psg.
1067 3119 1105 3171 7l.
1121 3119 1243 3183 Quicquid

85 3194 159 3254 idest,
177 3205 256 3262 postea
275 3214 311 3246 res
329 3198 409 3246 minus
427 3214 549 3262 prosperas
567 3198 638 3245 fuisse
655 3213 682 3244 ex
702 3197 828 3244 Ammiano
846 3201 868 3245 ct
886 3198 1024 3262 Symmacho
1034 3201 1187 3265 intellegitur.
1206 3206 1242 3255 Cf.

87 3277 203 3339 Krakauer,
220 3283 271 3330 Das
289 3282 535 3346 Verpdegungswesen
553 3282 594 3329 der
610 3282 676 3329 Stadt
694 3281 753 3328 Rom
771 3280 798 3328 in
814 3281 855 3328 der
872 3285 978 3345 spitereu
996 3284 1132 3343 Kuiserzeit,
1143 3303 1192 3351 [rag.
1204 3291 1243 3339 53.

86 3359 191 3424 Fquidem
217 3366 263 3413 hoc
289 3381 364 3413 uuum
391 3365 526 3429 exemplum
544 3381 636 3428 ponam.
672 3364 792 3412 Ammian.
811 3364 896 3421 XXVI,
914 3365 937 3424 3,
956 3366 986 3413 6:
1022 3368 1086 3430 „Sub
1103 3369 1147 3416 hoe
1164 3375 1243 3421 tamen

86 3443 210 3506 Aproniano
228 3449 259 3507 (is
277 3451 326 3496 erat
343 3450 472 3511 praefectus
491 3447 554 3507 urbi)
572 3448 605 3496 its
622 3447 709 3510 iugiter
718 3447 785 3509 copis
794 3447 978 3496 necessariorum
986 3450 1131 3506 exuberauit,
1142 3459 1168 3500 ut
1176 3454 1244 3504 nulla

86 3526 156 3577 saltim
180 3530 243 3580 leuia
269 3547 393 3579 murmura
419 3546 488 3594 super
513 3531 594 3594 inopis
620 3530 694 3578 uictui
720 3531 900 3594 congruentium
921 3538 1050 3591 orerentur,
1068 3536 1130 3597 quod
1147 3537 1243 3586 adsidue

86 3607 162 3660 Rornae
177 3614 319 3677 contingit.’'

116 3692 131 3753 ¹)
146 3697 196 3745 Tac.
214 3702 279 3746 Anu.
299 3697 331 3753 ll,
350 3697 389 3749 87.

114 3775 132 3836 ²)
149 3779 209 3830 Suet.
227 3779 313 3829 Claud.
333 3781 371 3828 18.

113 3857 132 3918 ³)
157 3862 206 3911 Tac.
233 3865 299 3912 Anu.
326 3863 377 3920 XV,
397 3864 435 3911 18.
470 3865 586 3927 Equidem
603 3863 764 3912 Friedltnderi
785 3863 900 3912 rationem
919 3880 966 3912 uon
985 3865 1101 3929 perspicio
1119 3866 1160 3930 qui
1179 3867 1242 3916 huno

87 3937 155 3991 locum
180 3947 229 3996 sine
257 3947 330 3994 dubio
356 3947 482 4010 respiciens
508 3947 601 3996 scribat.
630 3948 655 4009 (l.
674 3947 700 4007 1,)
727 3965 778 4012 psg.
806 3949 836 3996 35
863 3953 934 4010 seql:
963 3949 1041 4011 „uber
1058 3953 1117 3998 trotz
1142 3950 1242 4000 allodem

87 4019 174 4075 lehrten
197 4030 223 4078 in
250 4031 296 4078 den
320 4029 405 4078 beiden
431 4034 508 4078 ersten
533 4031 724 4079 Jshrhuuderten
750 4031 920 4092 Theuerungeu
938 4035 1006 4078 uuter
1022 4035 1094 4093 guten
1111 4034 1156 4080 wie
1173 4039 1244 4084 unter

90 4105 209 4161 schlechten
227 4113 390 4176 Regieruugen
408 4113 494 4161 immer
511 4129 557 4162 ron
575 4130 660 4162 neuem
676 4114 762 4162 wieder
763 4148 887 4170 ........
905 4112 976 4161 theiis
984 4113 1038 4162 weil
1048 4115 1086 4163 die
1096 4117 1210 4166 Vorrtithe
1219 4119 1244 4167 iu

93 4186 131 4237 deu
146 4196 275 4244 r'o'mischeu
293 4196 421 4259 Speirhem
439 4195 575 4253 verdarben,
593 4198 649 4245 oder
665 4197 740 4245 durch
749 4196 823 4243 Feuer
832 4194 880 4242 und
889 4193 982 4244 Wesser
990 4213 1019 4245 zu
1028 4198 1125 4247 Gruuda
1133 4200 1244 4264 giugen.''

89 4268 196 4327 Vetustate
212 4285 355 4344 corruptum
366 4281 513 4329 frumentum
523 4280 583 4328 mihi
594 4281 671 4344 potius
680 4279 812 4328 affluentiae
821 4293 891 4341 quam
900 4280 1012 4342 penuriae
1020 4281 1187 4333 documentum
1196 4286 1243 4336 esti
