3084 5128
887 623 951 690 250

330 802 431 890 longe
454 803 621 891 petendae
645 808 734 870 sunt.
770 801 974 868 Civitatibus
997 801 1092 869 enirn
1116 807 1150 868 et
1173 801 1325 886 collegiis
1348 822 1488 888 —quae

330 923 364 983 et
392 917 468 1005 ipsa
491 917 683 983 stabilitatis
705 915 837 1002 aliquid
861 915 1035 981 habebant
1058 951 1102 964 —-
1125 915 1153 981 si
1176 914 1234 981 illa
1259 915 1410 982 curanda
1431 920 1488 980 tra·

330 1030 508 1112 dabantur,
544 1031 659 1096 minus
691 1035 763 1096 erat
795 1029 984 1094 verendum
1018 1051 1060 1095 ne
1085 1030 1248 1095 mandata
1271 1051 1340 1095 non
1365 1049 1489 1116 perage·

330 1149 459 1210 rentur.
504 1143 596 1223 Quin
626 1143 718 1209 hand
743 1142 846 1208 dubie
871 1148 1041 1229 quantum
1065 1143 1196 1209 ratione
1215 1143 1389 1229 provideri
1409 1149 1489 1229 pote·

331 1264 392 1338 rat,
427 1256 676 1336 occurrebatur,
712 1277 754 1321 ne
790 1254 934 1340 collegia
970 1256 1013 1322 ab
1041 1256 1144 1322 officii
1169 1256 1334 1342 religione
1358 1255 1489 1322 deelina-

331 1377 417 1438 rent.
444 1370 468 1452 1)
514 1370 582 1448 Qui
617 1390 697 1436 vero
731 1369 922 1456 cuiuspiam
945 1369 1078 1455 collegii
1102 1376 1200 1436 erant
1223 1370 1359 1456 patroni
1383 1369 1488 1435 autin

331 1483 389 1550 illo
425 1485 590 1549 honorem
622 1483 795 1569 quendam
819 1481 1031 1549 sustinebant
1055 1482 1109 1548 vel
1133 1482 1376 1560 sustinuerant,
1403 1483 1438 1547 hi
1458 1487 1491 1545 ut

332 1597 413 1684 ipsis
448 1596 631 1683 praecipua
665 1596 776 1662 officia
810 1596 1003 1683 praestabat
1028 1596 1221 1681 collegium,
1246 1597 1294 1661 ita
1318 1596 1422 1662 iidem
1442 1617 1490 1681 pa·

332 1732 405 1776 rem
443 1710 589 1795 gratiam
627 1710 750 1777 referre
785 1709 977 1776 studebant.
1002 1712 1027 1796 Β)
1074 1709 1121 1775 At
1143 1710 1247 1776 etiam
1272 1710 1355 1776 socii
1377 1708 1490 1795 —qui

333 1823 437 1908 vulgo
475 1823 736 1926 appellabantur
769 1823 938 1908 collegiati
963 1823 1015 1890 vel
1041 1824 1209 1910 corporati
1232 1822 1260 1910 ³)
1285 1859 1330 1872 -
1353 1822 1490 1907 collegiis
1534 1865 1535 1868 κ

333 1936 388 2005 vel
422 1936 619 2023 corporibus
652 1935 927 2002 benevolentiam
951 1943 1120 2024 praestare
1144 1937 1324 2024 cupientes
1348 1957 1491 2004 nonnun-

335 2071 440 2137 quam
465 2049 576 2117 varias
598 2048 816 2116 liberalitates
838 2050 875 2114 in
899 2072 939 2116 ea
962 2049 1195 2117 conferebant.
1219 2049 1246 2135 4)

378 2164 514 2230 Harum
552 2161 733 2248 epularum
768 2171 893 2244 autem,
929 2163 1105 2240 similium,
1144 2185 1231 2250 quae
1267 2165 1411 2230 tandem
1432 2168 1492 2230 erat
1534 2223 1535 2226 ,

334 2277 447 2343 ratio?
493 2275 715 2342 Pertinebant
737 2276 815 2342 illae
840 2277 981 2364 quidem
1004 2277 1048 2343 ad
1072 2277 1216 2344 deorum
1241 2283 1275 2342 et
1289 2284 1491 2344 mortuorum
1534 2327 1535 2332 ,

334 2521 360 2569 in
377 2518 484 2584 collegiis
501 2521 673 2570 confirmandis.
692 2521 727 2569 Cl.
747 2521 866 2584 Waltzing
883 2521 900 2570 l.
918 2521 935 2569 l.
950 2537 1002 2586 pag.
1022 2521 1085 2570 lta:
1105 2521 1167 2570 Mais
1185 2524 1237 2570 tant
1254 2537 1284 2570 en
1301 2522 1491 2571 maintenant...

333 2603 367 2652 les
393 2602 438 2651 lois
463 2603 625 2667 prohibitives,
651 2605 686 2653 les
715 2605 808 2668 princes
833 2621 857 2652 se
886 2603 1030 2653 montrerent
1047 2605 1094 2654 fort
1111 2602 1225 2654 tolerante
1242 2604 1300 2653 dans
1319 2605 1342 2654 la
1360 2605 1461 2669 pratiqne
1475 2607 1494 2649 et

333 2703 393 2734 nous
418 2702 524 2751 pouvons
550 2687 625 2736 croire
650 2687 705 2752 qn’el
730 2687 804 2752 partir
829 2687 861 2736 dn
887 2688 925 2736 lle
947 2687 1016 2736 siecle
1042 2687 1217 2737 l’antorisation
1243 2688 1280 2736 sut
1301 2687 1411 2737 secordes
1427 2685 1493 2736 facile-

333 2774 399 2818 ment
423 2773 453 2826 et,
479 2770 569 2819 d’autre
594 2775 653 2835 part,
679 2770 751 2834 qu’on
777 2771 848 2819 laissa
876 2771 996 2836 beaucoup
1013 2771 1041 2820 de
1058 2771 1160 2835 colliges
1179 2807 1312 2821 ......
1330 2770 1436 2821 s'e‘tablir
1450 2785 1495 2818 saus

333 2854 488 2903 autorisation
506 2891 659 2903 .......
686 2855 756 2902 Anasi
784 2853 920 2902 l’initiative
938 2852 1017 2920 privee
1033 2854 1129 2904 fut-elle
1145 2852 1288 2918 encourages
1305 2870 1348 2920 par
1365 2855 1406 2904 des
1419 2854 1494 2920 primes

333 2942 356 2986 et
380 2938 420 2986 des
446 2937 573 3002 privileges
598 2937 703 2986 socordes
729 2954 774 2986 aux
800 2937 915 2986 membres
941 2939 969 2987 de
993 2940 1107 2986 certaines
1124 2938 1294 3002 corporations.
1331 2938 1370 2987 On
1388 2938 1434 2987 alla
1450 2936 1494 3001 plns

333 3020 399 3068 loin:
426 3020 460 3069 les
485 3021 579 3086 princes
604 3020 727 3070 tonderent
752 3020 896 3070 eux-memes
921 3022 961 3069 des
978 3020 1078 3085 collegas
1095 3038 1125 3070 oa
1145 3021 1275 3070 relevarent
1291 3037 1350 3070 oenx
1369 3022 1410 3086 qni
1429 3035 1494 3070 mena·

333 3103 409 3164 qaient
431 3104 459 3151 de
484 3102 572 3166 pe'rir.'’
607 3103 656 3151 Nee
675 3104 763 3152 mirum
781 3119 890 3167 magnam
908 3105 1065 3168 frequentiam
1082 3103 1236 3168 collegiorum
1256 3105 1361 3153 inveniri
1380 3105 1406 3154 in
1424 3101 1494 3152 inscri-
1533 3161 1534 3164 Ἴ

333 3185 455 3249 ptionibns
474 3186 594 3234 Romanis.

370 3269 388 3326 l)
423 3267 459 3315 Ol.
484 3268 602 3324 Uhlhnrn,
629 3269 727 3317 Christi.
755 3270 894 3329 Liebesthfl,
921 3286 971 3335 pag.
1000 3271 1048 3325 aa
1075 3270 1202 3319 Liebenem
1229 3270 1248 3320 l.
1266 3269 1283 3320 l.
1301 3287 1355 3335 pag.
1375 3271 1422 3320 ate
1439 3285 1493 3331 seq-t

334 3349 453 3413 Waltzing
470 3366 491 3398 o.
511 3349 527 3398 l.
546 3351 558 3399 1
575 3367 627 3414 pag.
645 3353 708 3408 son
728 3352 763 3401 IV
781 3369 832 3416 pag.
852 3355 900 3401 545

367 3431 387 3492 ²)
416 3431 538 3480 Nimirum
564 3437 643 3496 gratus
669 3435 764 3483 animus
789 3437 858 3484 etiam
877 3437 932 3485 aliis
949 3437 1026 3485 modis
1043 3435 1172 3499 significari
1191 3441 1289 3500 poteret.
1325 3437 1397 3487 Velut
1414 3435 1494 3499 saepius

333 3515 387 3578 quis
404 3515 502 3578 collegio
519 3517 610 3565 cuidam
629 3518 732 3566 scholam
751 3521 812 3574 lecit,
831 3520 918 3574 reiecit.
936 3520 1066 3576 exornavit,
1084 3521 1113 3568 ad
1131 3519 1237 3569 scholam
1255 3520 1335 3569 solum
1345 3521 1417 3579 dedit,
1425 3519 1493 3568 sedern

333 3603 357 3648 et
382 3614 445 3648 aram
470 3599 525 3648 fecit
551 3600 588 3648 vel
605 3602 734 3660 exornavit,
752 3610 833 3650 cetera.
867 3602 935 3651 Tales
958 3602 1112 3652 liberalitates
1129 3603 1185 3652 vide
1201 3604 1264 3668 apud
1283 3603 1404 3667 Waltzing
1420 3621 1440 3651 o.
1455 3597 1494 3648 l.l

333 3682 458 3748 pag-til
486 3698 549 3747 seqq.
574 3687 598 3731 et
623 3684 714 3732 crebras
740 3685 906 3750 inscriptiones
928 3686 958 3733 lV
974 3702 1026 3750 pag.
1045 3686 1093 3735 653
1112 3702 1176 3750 seqq.
1212 3686 1248 3734 De
1265 3686 1383 3750 sepulcris
1401 3681 1496 3746 collegiis

334 3765 427 3814 donatis
449 3765 503 3814 vide
520 3766 582 3815 infra
599 3783 651 3831 pag.
669 3768 717 3816 att
735 3784 783 3831 seq.

366 3848 386 3907 ³)
423 3849 455 3896 De
472 3849 600 3906 vocabulis,
618 3866 677 3914 quaa
695 3856 749 3898 sunt
766 3851 898 3912 collegium,
915 3867 1008 3915 carpus,
1026 3852 1158 3916 collegiati,
1176 3853 1301 3916 corporati
1319 3852 1375 3901 side
1392 3849 1497 3907 wattun
1532 3903 1533 3924 ,

334 3949 354 3980 o.
374 3931 390 3980 l.
407 3931 432 3979 Il
450 3947 502 3995 pag.
522 3933 569 3980 139
587 3949 650 3996 seqq.
668 3938 690 3981 et
704 3933 779 3989 alibi;
797 3933 923 3982 Itiehenam
941 3951 962 3982 ο.
981 3934 997 3982 l.
1016 3951 1068 4000 pag.
1088 3935 1139 3984 184
1159 3951 1222 3999 seqq.

366 4015 386 4074 ⁴)
421 4014 469 4078 Qui
495 4016 523 4063 de
549 4015 656 4078 collegiis
682 4032 810 4080 eorumque
835 4016 1019 4066 liberalitatibus
1046 4018 1117 4082 plura
1142 4019 1204 4067 scire
1231 4017 1299 4075 velit,
1319 4035 1373 4068 eum
1391 4013 1497 4066 retained

335 4097 454 4160 Waltzing
479 4115 500 4144 0.
527 4097 553 4154 l.‚
580 4100 621 4161 qui
640 4098 669 4146 de
686 4099 729 4147 hae
746 4115 770 4147 re
787 4105 898 4163 quattuor
916 4100 1039 4149 volumina
1056 4101 1168 4166 implevit
1187 4103 1357 4166 ingentemque
1376 4098 1496 4164 inscriptio-

335 4195 394 4228 num
420 4179 510 4244 copiam
536 4179 639 4244 collegit.
674 4181 740 4230 Idem
768 4199 849 4231 omnes
876 4183 938 4231 viros
964 4183 1044 4232 doctos
1070 4185 1225 4240 enumeravit,
1243 4186 1286 4249 qui
1305 4186 1335 4234 de
1351 4186 1497 4233 Romamrnu

335 4262 442 4326 collegiis
468 4263 619 4326 seripserunt.
654 4263 766 4314 Conleras
791 4281 884 4330 quoqne
901 4267 1074 4330 antiquitatum
1092 4268 1225 4326 thesauros,
1243 4284 1302 4333 quoa
1319 4269 1428 4318 emittunt
1445 4263 1496 4314 llis·

336 4362 405 4404 sowa,
423 4345 566 4409 Daremberg
583 4349 606 4396 et
623 4346 710 4411 Saglio,
728 4348 853 4413 Ruggiero.
