3084 5128
866 583 930 649 216
1024 665 1027 672 ¹

309 761 415 830 Fiunt
437 768 553 830 autem
576 785 699 829 usurae
723 783 842 828 omnes
865 761 1005 847 (scilicet
1029 761 1059 842 2,
1084 761 1127 825 43
1139 760 1345 848 computatis
1356 763 1461 826 sester-
1523 799 1524 802 =

309 875 365 941 tiis
391 896 463 941 non
484 875 706 957 XXXXHX,
730 876 789 942 sed
811 874 1002 960 XXXXII)
1025 873 1217 940 sestertium
1241 873 1360 940 decem
1382 871 1464 938 milia

310 988 538 1075 quadraginta
568 989 721 1076 quinque
757 988 904 1073 (10045),
945 1007 1032 1073 quae
1071 983 1098 1053 si
1130 992 1307 1052 semestres
1331 986 1464 1065 fuerunt,
1523 999 1531 1058 ²]

310 1123 445 1168 annuae
468 1102 663 1168 efficiuntur
680 1101 872 1167 sestertium
886 1100 1008 1186 viginti
1021 1099 1116 1166 milia
1128 1100 1318 1185 nonaginta
1331 1098 1464 1184 (20090),
1530 1111 1531 1116 ’

215 1215 218 1220 “
310 1236 390 1281 oum
424 1214 636 1283 Veleiatibus
667 1236 783 1280 annua
806 1221 1070 1288 numerarentur
1093 1214 1288 1280 sestertium
1312 1213 1466 1300 quinqua·
1530 1226 1531 1231 ’

310 1328 406 1413 ginta
440 1327 644 1396 duomilia
677 1327 816 1394 ducenti
850 1327 997 1414 (52200).
1043 1327 1145 1407 Quod
1168 1327 1196 1394 si
1219 1327 1319 1415 pueri
1340 1326 1467 1392 alimen·
1530 1307 1531 1343 ³

311 1441 389 1506 terii
422 1442 515 1528 apud
549 1441 693 1527 Ligures
724 1441 845 1508 eadem
868 1448 971 1529 atque
996 1441 1166 1510 Veleiates
1190 1441 1372 1508 commoda
1393 1439 1465 1506 acci·

195 1564 200 1574 ’
311 1553 461 1641 piebant,
496 1555 531 1620 id
566 1561 615 1621 est
649 1555 817 1622 sestertios
848 1576 981 1622 annuos
1006 1555 1142 1638 oxori,
1167 1577 1303 1622 summa
1327 1554 1386 1620 illa
1406 1574 1467 1641 per·

312 1668 408 1736 venit
429 1668 473 1735 ad
495 1691 618 1756 pueros
642 1669 757 1756 paullo
781 1668 858 1756 plus
882 1669 1053 1738 eentum.''

356 1782 407 1848 De
431 1781 640 1851 Veleiatium
663 1782 780 1849 tabula
794 1783 911 1850 scribit
925 1783 1100 1849 Bormann
1112 1783 1148 1848 in
1161 1783 1198 1850 0.
1210 1783 1238 1849 Ι.
1253 1783 1293 1850 L.
1308 1802 1316 1848 τ
1332 1779 1469 1864 „Tabula
1530 1763 1531 1766 ¹

313 1897 465 1964 continet
488 1898 573 1964 duas
596 1896 820 1984 obligationes
843 1897 1062 1983 praediorum
1085 1916 1146 1985 pro
1172 1897 1327 1985 pecuniis
1344 1896 1471 1962 alimen·

314 2019 427 2079 torum
450 2035 552 2080 causa
574 2012 617 2078 ab
639 2012 723 2099 imp.
747 2011 894 2078 Traiano
918 2011 1014 2092 datis,
1040 2033 1189 2098 quarum
1219 2033 1308 2100 quae
1331 2019 1470 2096 tempore

313 2128 406 2214 prior
429 2133 488 2210 est,
512 2128 601 2194 facta
624 2149 685 2215 per
708 2123 1471 2214 (111111111011111111111),1111111111·

313 2241 414 2308 ianus
447 2263 574 2308 nomen
608 2241 726 2308 Dacici
760 2240 936 2328 acciperet,
959 2240 994 2306 id
1019 2247 1068 2306 est
1092 2247 1170 2306 ante
1194 2241 1327 2307 exitum
1352 2262 1380 2306 a.
1404 2239 1470 2318 102,

315 2355 513 2442 appendicis
546 2355 652 2421 instar
686 2355 792 2421 incisa
817 2362 867 2421 est
893 2355 929 2420 in
957 2361 1112 2420 extrema
1134 2355 1261 2442 pagine
1286 2356 1306 2421 7
1332 2352 1472 2422 versibus

315 2468 457 2534 31-60.
491 2468 534 2533 11
559 2469 624 2534 hac
639 2469 792 2556 quinque
805 2469 962 2535 homines
983 2516 1079 2536 .....
1094 2468 1335 2554 obligaverunt
1347 2465 1473 2554 praedia

316 2582 460 2668 decuplo
495 2583 672 2648 aestimata
706 2583 743 2648 in
769 2584 932 2670 pecunias
957 2601 1104 2670 quarum
1129 2603 1265 2648 summa
1288 2583 1354 2648 fuit
1376 2578 1473 2647 72000
1530 2671 1531 2674 ¹

316 2702 443 2763 sestert.
478 2697 544 2763 Pro
569 2696 694 2784 quibus
714 2718 794 2762 cum
807 2718 929 2763 usurae
943 2697 1154 2784 quincunces
1166 2696 1349 2764 solvendae
1362 2698 1471 2771 essent
1530 2703 1531 2790 J

316 2811 500 2897 quotannis
524 2810 761 2878 efficiebantur
784 2811 870 2876 3600
884 2811 1035 2894 sestertii,
1053 2832 1096 2877 ex
1113 2809 1239 2898 quibus
1251 2807 1472 2896 accipiebant:

797 2946 933 3012 quoque
958 2946 1075 2992 mense
1100 2945 1237 3012 qnoque
1262 2945 1353 2990 anno
1409 2987 1414 2991 .
1530 2915 1531 2936 ³

360 3040 459 3127 pueri
482 3038 626 3125 legitimi
678 3040 718 3106 18
944 3042 985 3106 16
1209 3041 1343 3104 192:
1369 3037 1450 3103 3456

364 3152 478 3238 puella
501 3151 655 3237 legitima
702 3153 718 3216 l
946 3153 987 3217 12
1213 3155 1280 3220 144
1301 3177 1346 3214 =
1392 3152 1452 3218 144

1209 3336 1346 3382 summa
1371 3309 1477 3381 3600.”

363 3430 442 3496 Non
476 3430 661 3515 indignum
695 3429 829 3498 videtur
853 3431 956 3497 huius
979 3428 1195 3516 obligationis
1219 3429 1350 3516 primos
1374 3443 1479 3496 versus

319 3566 363 3611 ex
385 3544 458 3632 ipsa
483 3543 600 3610 tabula
621 3544 789 3611 inserere:

366 3659 476 3740 „Item
510 3658 671 3744 obligatio
708 3659 927 3746 praediorum
962 3659 1050 3725 facta
1077 3679 1139 3745 per
1163 3656 1363 3724 Cornelium
1387 3652 1478 3723 Galli·

321 3811 447 3856 canum
476 3789 518 3856 ob
553 3789 613 3856 HS
646 3777 796 3872 WXTI,
820 3796 859 3856 ut
882 3813 925 3856 ex
950 3789 1165 3875 indulgentia
1188 3789 1310 3876 optimi
1336 3782 1480 3854 maximi·

320 3926 387 3992 que
410 3904 576 3991 principis
601 3903 691 3991 Imp.
716 3904 810 3970 0111.
834 3904 968 3971 Nervae
980 3903 1120 3970 Traiani
1132 3903 1282 3988 Augusti
1295 3893 1481 3969 Germanici

354 4097 375 4156 ¹)
410 4094 446 4142 De
471 4094 515 4143 hoc
543 4094 653 4144 Cornelio
678 4094 801 4143 Gallicano
827 4095 854 4142 in
880 4095 1029 4143 adnotatione
1047 4093 1126 4143 addit:
1145 4092 1207 4158 „His
1225 4093 1272 4142 iam
1291 4091 1410 4158 impressis
1427 4089 1481 4138 Hen-

323 4191 397 4226 tenus
414 4177 536 4227 certiorem
553 4194 591 4227 me
607 4178 663 4227 fecit
679 4195 707 4227 ex
723 4177 848 4243 privilegio
865 4177 945 4241 aliquo
962 4177 1062 4227 militari
1079 4176 1154 4226 musci
1171 4176 1317 4226 Pestinensis
1333 4176 1393 4225 edito
1415 4174 1482 4236 onya

323 4261 400 4312 rische
417 4261 497 4312 Reoue
515 4262 579 4311 lese
598 4278 621 4328 p.
640 4261 688 4310 210
706 4278 769 4328 seqq.
788 4262 895 4326 cognosci
913 4262 941 4311 C.
959 4261 1097 4312 Cornelium
1115 4258 1267 4309 Gallicanum
1286 4261 1359 4310 fuisse
1374 4256 1482 4308 consulem

321 4346 445 4398 sufferam
462 4362 484 4396 a.
502 4344 558 4396 84.”
