3040 5134
859 605 922 672 132

302 806 488 872 parumper
522 784 705 866 sustulisse,
731 785 882 872 Lepidus
908 783 932 872 ι)
955 806 1047 851 anno
1071 805 1101 851 a.
1125 806 1159 852 u.
1184 806 1212 850 c.
1237 784 1302 850 676
1326 783 1369 872 (a.
1393 783 1459 850 Ohr.

302 920 337 964 n.
361 898 417 984 78)
441 897 624 964 restituisse
648 898 794 980 videtur,
820 904 896 986 post
918 899 1071 986 quinque
1096 919 1204 964 annos
1227 897 1301 983 lege
1315 897 1461 964 Terentia

301 1018 337 1078 et
370 1011 484 1078 Cassia
508 1011 762 1099 quodammodo
786 1011 952 1078 stabilitas
975 1034 1045 1079 esse
1068 1017 1339 1077 consentaneum
1361 1017 1417 1077 est.
1439 1010 1460 1096 ¹)

302 1124 502 1192 Catilinaria
524 1125 759 1192 coniuratione
784 1125 916 1191 detecta
939 1125 1091 1213 partium
1106 1124 1279 1191 contentio
1297 1125 1459 1191 evidenter

303 1239 472 1325 apparuit.
517 1237 595 1325 Ipse
619 1243 755 1304 senatus
786 1238 1008 1326 popularibus
1032 1260 1251 1326 praecurrere
1275 1237 1458 1304 conabatur.
1509 1245 1510 1252 ’

303 1352 333 1418 Ε
359 1351 545 1417 Plutarcho
569 1352 663 1417 enim
686 1351 849 1418 discimus
872 1373 962 1419 anno
987 1374 1016 1418 a.
1040 1374 1074 1418 u.
1098 1374 1125 1420 c.
1142 1353 1207 1418 692
1220 1352 1263 1439 (a.
1277 1352 1356 1418 Chr.
1369 1373 1401 1417 n.
1414 1351 1459 1434 62)

302 1470 460 1531 senatum
495 1470 630 1531 auctore
666 1464 794 1531 Catone
828 1464 965 1531 turbam
1001 1466 1175 1552 quandam
1205 1486 1360 1550 egenam,
1385 1484 1458 1550 quae

303 1585 403 1645 antea
436 1577 626 1664 largitionis
648 1600 719 1643 non
742 1579 860 1644 suisset
882 1580 1062 1666 particeps,
1086 1580 1123 1644 in
1147 1580 1361 1644 frumentum
1384 1577 1456 1643 acci-

303 1691 474 1779 pientium
496 1713 683 1757 numerum
706 1692 881 1778 recepisse.
930 1693 1024 1758 Haec
1049 1698 1129 1757 sunt
1152 1691 1330 1757 Plutarchi
1352 1690 1458 1759 verba:
1510 1733 1511 1752 ι

305 1805 337 1872 ηδ
369 1805 477 1864 Κάτων
507 1803 652 1884 φοβηθεὶς
682 1802 779 1864 ’έτεισε
812 1803 866 1870 τὴν
895 1803 1009 1877 βουλὴν
1039 1804 1201 1877 ἀναλαβεῖν
1222 1800 1274 1863 τὶν
1296 1804 1402 1880 ἄπορον
1420 1803 1459 1862 καὶ

301 1908 447 1985 ἀνέμητον
476 1909 568 1990 ’ὄχλον
589 1911 626 1979 εἰς
647 1907 682 1968 τὸ
703 1908 874 1985 σιτηρέσιον,
897 1908 1095 1985 ἀναλώματος
1116 1905 1171 1986 μὲν
1192 1908 1277 1979 ’ὄντος
1297 1906 1424 1969 ἐνιαυσίου
1441 1906 1459 1981 3)

304 2018 406 2095 χιλίων
425 2014 474 2077 καὶ
493 2015 645 2077 διακοσίων
666 2013 714 2076 καὶ
735 2015 922 2080 πεντήκοντα
934 2015 1121 2075 ταλάντων.”
1134 2016 1157 2091 4)
1202 2014 1257 2080 Ita
1279 2015 1459 2081 factumest

304 2132 352 2209 ut,
388 2148 469 2193 cum
501 2149 592 2193 anno
627 2149 657 2193 a.
693 2149 727 2193 u.
752 2149 780 2193 c.
810 2127 874 2192 681
899 2127 942 2212 (a.
966 2127 1046 2194 (lhr.
1070 2150 1105 2192 n.
1129 2128 1185 2215 73)
1205 2150 1223 2194 e
1247 2127 1459 2216 Marquardtii

304 2241 559 2329 computatione
583 2262 653 2306 non
677 2239 826 2306 multum
850 2241 1070 2307 excessissent
1093 2241 1219 2307 centies
1231 2243 1426 2322 sestertium,
1439 2241 1459 2326 ⁵)
1511 2285 1512 2326 ,

304 2355 341 2419 in
376 2355 659 2420 frumentationes
693 2375 784 2421 anno
819 2355 884 2419 692
919 2354 1054 2420 circiter
1090 2354 1233 2442 triplum
1268 2357 1313 2422 sit
1345 2356 1459 2421 insum·
1511 2371 1512 2376 ’

302 2566 391 2615 Granio
408 2567 532 2616 Liciniano
549 2570 576 2616 et'
589 2566 696 2615 Sallustii
711 2565 857 2630 fragmentis,
875 2566 962 2630 quibas
980 2567 1027 2615 viri
1037 2567 1100 2616 docti
1109 2568 1229 2618 nituntur.
1264 2569 1347 2633 Inepte
1356 2567 1459 2617 Walterns

302 2652 329 2700 in
355 2651 468 2704 Historia.
495 2666 566 2714 quam
592 2650 687 2714 scripsit
711 2651 740 2698 de
774 2650 826 2698 iure
852 2650 965 2708 Romano,
992 2650 1101 2700 Sallustii
1128 2651 1207 2700 locum
1233 2653 1263 2700 ad
1280 2652 1460 2701 frumentationes

303 2733 385 2783 referri
411 2733 483 2782 licere
508 2736 576 2797 negat
601 2733 664 2796 quod
685 2733 780 2797 populi,
797 2748 845 2792 non
860 2732 942 2796 plebis,
961 2749 1016 2780 voce
1033 2736 1115 2782 utatur
1132 2734 1270 2785 Sallustius.
1287 2735 1335 2797 (Os.
1356 2734 1457 2784 [lambert

304 2816 330 2866 in
347 2817 409 2865 Dict.
427 2817 468 2864 des
486 2817 568 2880 Antiq.
586 2832 605 2865 s.
623 2833 646 2864 v.
659 2815 837 2880 frumentitius
853 2817 923 2878 leger,
941 2832 992 2880 pag.
1012 2816 1076 2868 1347
1094 2818 1148 2867 adn.
1168 2818 1192 2878 1)
1210 2819 1299 2883 Populi
1314 2819 1377 2867 enim
1393 2815 1460 2882 appel·
1512 2875 1513 2884 ἵ

307 2900 423 2950 lationem
449 2916 497 2948 non
524 2915 576 2949 raro
598 2899 688 2963 plebem
706 2898 780 2962 accipi
797 2900 821 2946 ct
838 2901 922 2947 notum
939 2903 974 2947 cst
992 2904 1016 2947 et
1033 2900 1058 2948 in
1076 2899 1120 2948 hac
1136 2901 1188 2965 ipsa
1202 2900 1363 2966 disputatione
1380 2900 1460 2965 saepias
1512 2939 1513 2964 3

304 2998 395 3033 monna.

339 3075 359 3135 1)
394 3073 563 3138 cf.Marq.1.
581 3073 616 3131 l.;
636 3074 748 3121 Momms.
769 3073 796 3120 R.
815 3074 843 3122 G.
861 3072 910 3122 ΙΠ8
928 3089 980 3138 pag.
999 3073 1029 3122 25
1047 3075 1101 3123 adn.
1120 3075 1143 3125 2.

336 3165 357 3225 ¹)
391 3165 441 3214 Cic.
459 3165 526 3215 Verr.
544 3165 593 3223 Ill,
611 3164 651 3220 70,
671 3165 735 3220 163;
754 3164 781 3222 V,
800 3165 840 3222 21,
859 3165 897 3213 52.
933 3165 968 3214 De
986 3165 1029 3214 hac
1047 3166 1097 3230 lege
1114 3167 1143 3217 cf.
1162 3167 1235 3216 Knhn
1253 3168 1270 3217 l.
1289 3168 1306 3218 l.
1324 3185 1374 3233 pag.
1392 3164 1461 3219 10033

303 3247 387 3312 Pauly,
406 3246 573 3312 Real-Flnayel.
597 3263 615 3295 a.
634 3263 656 3295 v.
675 3246 790 3310 Inrqitim
809 3247 918 3296 Darcmb.
937 3251 961 3297 et
977 3248 1048 3311 Sagl,
1065 3249 1127 3298 Dict.
1145 3251 1185 3299 des
1203 3252 1294 3316 Antiq,
1312 3269 1330 3300 s.
1348 3267 1363 3299 v
1378 3261 1462 3298 anam

304 3335 327 3381 et
338 3331 517 3396 frumentariae
534 3333 612 3395 leges,
630 3331 742 3378 Momms.
761 3331 828 3378 Rom.
846 3330 911 3380 Trih.
928 3347 980 3395 pag.
1000 3330 1063 3388 1823
1082 3332 1110 3381 R.
1128 3333 1157 3382 G.
1175 3333 1192 3382 1.
1210 3333 1244 3392 l.;
1262 3335 1340 3399 Marq.
1356 3334 1373 3383 l.
1389 3333 1405 3381 l.

337 3420 357 3481 ³)
390 3421 497 3470 Sintcnis
513 3422 540 3470 in
557 3422 611 3470 adn.
629 3422 699 3471 crit:
722 3409 875 3472 ιιὲνιαιισίον
895 3441 937 3489 pro
954 3409 1081 3472 ἐνιαυτοῦ
1097 3425 1255 3490 anonymus.''

338 3505 358 3564 ⁴)
391 3503 456 3552 Plnt.
482 3504 539 3553 Cato
565 3504 623 3553 min.
652 3506 690 3555 26.
721 3508 764 3557 Cf.
790 3509 861 3557 etiam
888 3509 954 3558 Caes.
973 3509 1005 3564 8;
1024 3510 1066 3558 Rei
1083 3508 1150 3574 publ.
1167 3524 1214 3572 ger.
1232 3524 1307 3573 praec.
1325 3508 1365 3567 24,
1382 3507 1403 3554 8.
1434 3504 1463 3551 De

304 3591 353 3636 tota
369 3587 413 3635 hac
430 3603 455 3635 re
472 3586 523 3651 lege
540 3587 676 3639 Mommsen
693 3591 721 3639 R.
742 3592 771 3640 G.
789 3591 806 3640 l.
825 3591 842 3640 l.
861 3608 912 3657 pag.
933 3592 997 3649 196;
1016 3593 1141 3641 Drumann
1159 3592 1187 3640 G.
1205 3592 1233 3640 a.
1251 3591 1277 3640 11
1294 3607 1346 3656 pag.
1364 3589 1416 3646 238,
1432 3585 1462 3634 Ill

303 3687 355 3736 pag.
372 3670 427 3728 lte,
447 3671 465 3718 V
484 3687 536 3736 pag.
556 3672 603 3720 159
622 3689 669 3737 seq.
688 3673 758 3738 Quod
767 3675 910 3724 Plutarchus
920 3676 959 3723 hic
968 3681 1048 3724 narrat
1057 3677 1085 3725 de
1094 3692 1165 3740 egena
1173 3674 1243 3725 turha
1251 3673 1462 3724 addistribntioncm

303 3754 405 3803 admissa
423 3755 571 3804 Mommseno
589 3759 637 3804 tam
656 3756 744 3806 mirum
763 3757 863 3816 ridetur,
874 3762 900 3807 ut
909 3759 980 3807 fidem
989 3759 1010 3807 ei
1020 3759 1196 3823 abrogctlltr'im.
1206 3758 1270 3806 Trih.
1280 3773 1332 3822 pag.
1348 3756 1408 3816 182).
1424 3753 1462 3801 Ex·

304 3837 401 3903 plicatio
419 3855 474 3887 sane
490 3839 584 3888 facilis!
620 3839 686 3904 Quae
702 3857 774 3904 quarn
792 3856 875 3904 param
894 3841 942 3889 veri
961 3841 1048 3891 similis
1063 3843 1094 3890 ait
1102 3842 1149 3890 ianr
1158 3841 1233 3890 Nasse
1241 3840 1405 3890 animadvertit
1412 3842 1439 3897 (o.
1448 3833 1461 3881 l.

304 3937 356 3986 pag.
375 3921 431 3981 17)ι
450 3923 576 3986 „Attamen
593 3923 671 3971 neseio
688 3939 718 3971 an
735 3923 839 3972 hauserit
856 3940 868 3972 e
885 3924 950 3973 lanta
966 3941 1114 3990 nequaquam
1132 3925 1165 3974 ita
1182 3925 1312 3989 spernenda
1328 3920 1462 3973 Plutarchus,

303 4003 391 4068 quippe
404 4005 445 4068 qui
463 4009 567 4054 accurate
584 4006 667 4054 referat
683 4021 774 4054 annuas
792 4007 912 4070 impensas
930 4006 974 4056 hoc
992 4007 1194 4056 senatusconsulto
1211 4007 1298 4056 ortas?

338 4086 357 4146 ⁶)
392 4087 530 4150 Marqaardt
551 4087 578 4149 (l.
604 4087 622 4136 l.
647 4104 699 4152 pag.
718 4089 764 4136 115
781 4089 834 4137 adn.
853 4088 878 4149 2)
895 4095 985 4154 praeter
1001 4090 1084 4139 alteras
1102 4091 1210 4139 decumas
1227 4092 1250 4138 et
1266 4091 1408 4139 framentum
1424 4085 1461 4132 im·

303 4172 409 4234 peratum
435 4170 506 4218 etiam
531 4169 661 4219 ordinarias
678 4171 773 4219 Siciliae
790 4171 899 4220 decumas
917 4173 980 4221 senis
997 4177 1021 4221 et
1037 4174 1165 4222 trientibus
1183 4172 1285 4222 urbanae
1303 4173 1365 4239 plebi
1381 4169 1462 4219 venisse

304 4254 378 4316 putat.
412 4251 477 4300 Nam
503 4258 564 4302 recte
588 4252 648 4301 mihi
672 4253 739 4302 valde
765 4254 865 4302 dubium
883 4259 924 4303 est.
960 4254 1038 4319 Quare
1055 4256 1105 4315 alii,
1124 4259 1151 4305 at
1168 4257 1303 4305 Mommsen
1319 4257 1357 4320 (a
1374 4255 1400 4303 G.
1416 4251 1431 4300 1.
1445 4248 1460 4297 l·

303 4350 355 4400 pag.
374 4335 404 4383 25
423 4351 478 4384 cum
495 4337 548 4386 adn.
567 4335 600 4396 2),
618 4351 736 4385 summam
753 4336 864 4386 exhibent
881 4338 927 4387 ista
944 4337 1020 4387 multo
1038 4339 1162 4388 minorem.
