<?xml version="1.0" encoding="UTF-8"?>
<!DOCTYPE html PUBLIC "-//W3C//DTD XHTML 1.0 Transitional//EN"
    "http://www.w3.org/TR/xhtml1/DTD/xhtml1-transitional.dtd">
<html xmlns="http://www.w3.org/1999/xhtml" xml:lang="en" lang="en">
 <head>
  <title>
</title>
<meta http-equiv="Content-Type" content="text/html;charset=utf-8" />
  <meta name='ocr-system' content='tesseract 3.04.00' />
  <meta name='ocr-capabilities' content='ocr_page ocr_carea ocr_par ocr_line ocrx_word'/>
</head>
<body>
  <div class='ocr_page' id='page_1' title='image "./depauperumcuraa01essegoog_0025.png"; bbox 0 0 3122 5130; ppageno 0'>
   <div class='ocr_carea' id='block_1_1' title="bbox 861 587 881 649">
    <p class='ocr_par' dir='ltr' id='par_1_1' title="bbox 861 587 881 649">
     <span class='ocr_line' id='line_1_1' title="bbox 861 587 881 649; baseline 0 0"><span class='ocrx_word' id='word_1_1' title='bbox 861 587 881 649; x_wconf 77' lang='lat'><strong>4</strong></span> 
     </span>
    </p>
   </div>
   <div class='ocr_carea' id='block_1_2' title="bbox 289 761 1455 963">
    <p class='ocr_par' dir='ltr' id='par_1_2' title="bbox 289 761 1455 963">
     <span class='ocr_line' id='line_1_2' title="bbox 289 761 1455 848; baseline -0.003 -18"><span class='ocrx_word' id='word_1_2' title='bbox 289 765 390 832; x_wconf 91' lang='lat' dir='ltr'>modo</span> <span class='ocrx_word' id='word_1_3' title='bbox 415 762 576 844; x_wconf 84' lang='lat' dir='ltr'>offendas,</span> <span class='ocrx_word' id='word_1_4' title='bbox 600 767 716 827; x_wconf 89' lang='lat' dir='ltr'>tamen</span> <span class='ocrx_word' id='word_1_5' title='bbox 739 800 783 810; x_wconf 94' lang='lat'><strong>—</strong></span> <span class='ocrx_word' id='word_1_6' title='bbox 805 761 942 827; x_wconf 82' lang='lat' dir='ltr'>turbida</span> <span class='ocrx_word' id='word_1_7' title='bbox 964 766 1119 847; x_wconf 88' lang='lat' dir='ltr'>tempora</span> <span class='ocrx_word' id='word_1_8' title='bbox 1142 761 1455 848; x_wconf 70' lang='lat' dir='ltr'>possidendumque</span> 
     </span>
     <span class='ocr_line' id='line_1_3' title="bbox 289 873 1455 963; baseline -0.003 -20"><span class='ocrx_word' id='word_1_9' title='bbox 289 876 506 963; x_wconf 79' lang='lat' dir='ltr'>expulsiones</span> <span class='ocrx_word' id='word_1_10' title='bbox 525 874 659 961; x_wconf 83' lang='lat' dir='ltr'>excipio</span> <span class='ocrx_word' id='word_1_11' title='bbox 683 875 943 959; x_wconf 87' lang='lat' dir='ltr'>-agraria</span> <span class='ocrx_word' id='word_1_12' title='bbox 966 873 1106 939; x_wconf 89' lang='lat' dir='ltr'>consilia</span> <span class='ocrx_word' id='word_1_13' title='bbox 1128 874 1200 939; x_wconf 89' lang='lat' dir='ltr'>sine</span> <span class='ocrx_word' id='word_1_14' title='bbox 1212 873 1316 939; x_wconf 88' lang='lat' dir='ltr'>dubio</span> <span class='ocrx_word' id='word_1_15' title='bbox 1329 875 1455 960; x_wconf 87' lang='lat' dir='ltr'>aliqua-</span> 
     </span>
    </p>
   </div>
   <div class='ocr_carea' id='block_1_3' title="bbox 288 986 1553 1190">
    <p class='ocr_par' dir='ltr' id='par_1_3' title="bbox 288 986 1553 1190">
     <span class='ocr_line' id='line_1_4' title="bbox 288 986 1553 1073; baseline -0.002 -17"><span class='ocrx_word' id='word_1_16' title='bbox 288 998 389 1056; x_wconf 88' lang='lat' dir='ltr'>tenus</span> <span class='ocrx_word' id='word_1_17' title='bbox 411 989 571 1056; x_wconf 88' lang='lat' dir='ltr'>salutaria</span> <span class='ocrx_word' id='word_1_18' title='bbox 594 994 702 1054; x_wconf 90' lang='lat' dir='ltr'>erant.</span> <span class='ocrx_word' id='word_1_19' title='bbox 750 987 852 1066; x_wconf 77' lang='lat' dir='ltr'>Quod</span> <span class='ocrx_word' id='word_1_20' title='bbox 874 987 967 1052; x_wconf 90' lang='lat' dir='ltr'>idem</span> <span class='ocrx_word' id='word_1_21' title='bbox 991 986 1057 1052; x_wconf 91' lang='lat' dir='ltr'>dici</span> <span class='ocrx_word' id='word_1_22' title='bbox 1081 1008 1150 1052; x_wconf 90' lang='lat' dir='ltr'>non</span> <span class='ocrx_word' id='word_1_23' title='bbox 1174 993 1284 1073; x_wconf 91' lang='lat' dir='ltr'>potest</span> <span class='ocrx_word' id='word_1_24' title='bbox 1301 988 1341 1052; x_wconf 90' lang='lat' dir='ltr'>dc</span> <span class='ocrx_word' id='word_1_25' title='bbox 1355 988 1454 1053; x_wconf 90' lang='lat' dir='ltr'>modo</span> <span class='ocrx_word' id='word_1_26' title='bbox 1552 1033 1553 1042; x_wconf 69' lang='lat'>.</span> 
     </span>
     <span class='ocr_line' id='line_1_5' title="bbox 290 1100 1553 1190; baseline -0.003 -20"><span class='ocrx_word' id='word_1_27' title='bbox 290 1103 459 1190; x_wconf 85' lang='lat' dir='ltr'>quoinde</span> <span class='ocrx_word' id='word_1_28' title='bbox 491 1103 571 1169; x_wconf 83' lang='lat' dir='ltr'>aO.</span> <span class='ocrx_word' id='word_1_29' title='bbox 595 1101 749 1168; x_wconf 83' lang='lat' dir='ltr'>Graccho</span> <span class='ocrx_word' id='word_1_30' title='bbox 772 1100 866 1166; x_wconf 87' lang='lat' dir='ltr'>urbis</span> <span class='ocrx_word' id='word_1_31' title='bbox 888 1101 1018 1166; x_wconf 87' lang='lat' dir='ltr'>Romae</span> <span class='ocrx_word' id='word_1_32' title='bbox 1042 1100 1162 1165; x_wconf 89' lang='lat' dir='ltr'>incolis</span> <span class='ocrx_word' id='word_1_33' title='bbox 1185 1122 1237 1166; x_wconf 90' lang='lat' dir='ltr'>res</span> <span class='ocrx_word' id='word_1_34' title='bbox 1260 1101 1304 1166; x_wconf 92' lang='lat' dir='ltr'>ad</span> <span class='ocrx_word' id='word_1_35' title='bbox 1326 1102 1456 1168; x_wconf 86' lang='lat' dir='ltr'>victum</span> <span class='ocrx_word' id='word_1_36' title='bbox 1552 1151 1553 1154; x_wconf 16' lang='grc' dir='ltr'>η</span> 
     </span>
    </p>
   </div>
   <div class='ocr_carea' id='block_1_4' title="bbox 288 1214 1462 4021">
    <p class='ocr_par' dir='ltr' id='par_1_4' title="bbox 288 1214 1462 3907">
     <span class='ocr_line' id='line_1_6' title="bbox 289 1214 1454 1302; baseline -0.002 -22"><span class='ocrx_word' id='word_1_37' title='bbox 289 1215 495 1283; x_wconf 81' lang='lat' dir='ltr'>necessariae</span> <span class='ocrx_word' id='word_1_38' title='bbox 519 1214 820 1302; x_wconf 79' lang='lat' dir='ltr'>prospiciebantur.</span> <span class='ocrx_word' id='word_1_39' title='bbox 846 1214 1047 1300; x_wconf 86' lang='lat' dir='ltr'>Antiquitus</span> <span class='ocrx_word' id='word_1_40' title='bbox 1069 1233 1139 1279; x_wconf 92' lang='lat' dir='ltr'>non</span> <span class='ocrx_word' id='word_1_41' title='bbox 1163 1214 1201 1278; x_wconf 95' lang='lat' dir='ltr'>in</span> <span class='ocrx_word' id='word_1_42' title='bbox 1217 1215 1454 1280; x_wconf 88' lang='lat' dir='ltr'>fametantum</span> 
     </span>
     <span class='ocr_line' id='line_1_7' title="bbox 290 1327 1454 1417; baseline -0.003 -20"><span class='ocrx_word' id='word_1_43' title='bbox 290 1337 323 1397; x_wconf 90' lang='lat' dir='ltr'>et</span> <span class='ocrx_word' id='word_1_44' title='bbox 356 1330 471 1417; x_wconf 90' lang='lat' dir='ltr'>inopia</span> <span class='ocrx_word' id='word_1_45' title='bbox 506 1331 719 1394; x_wconf 80' lang='lat' dir='ltr'>frumentum</span> <span class='ocrx_word' id='word_1_46' title='bbox 742 1328 891 1393; x_wconf 83' lang='lat' dir='ltr'>Romam</span> <span class='ocrx_word' id='word_1_47' title='bbox 914 1327 1179 1394; x_wconf 87' lang='lat' dir='ltr'>convehendum</span> <span class='ocrx_word' id='word_1_48' title='bbox 1202 1334 1338 1393; x_wconf 87' lang='lat' dir='ltr'>senatus</span> <span class='ocrx_word' id='word_1_49' title='bbox 1362 1350 1454 1394; x_wconf 90' lang='lat' dir='ltr'>cura·</span> 
     </span>
     <span class='ocr_line' id='line_1_8' title="bbox 289 1439 1453 1529; baseline -0.002 -20"><span class='ocrx_word' id='word_1_50' title='bbox 289 1443 348 1524; x_wconf 90' lang='lat' dir='ltr'>vit,</span> <span class='ocrx_word' id='word_1_51' title='bbox 384 1443 443 1508; x_wconf 88' lang='lat' dir='ltr'>sed</span> <span class='ocrx_word' id='word_1_52' title='bbox 476 1448 641 1529; x_wconf 90' lang='lat' dir='ltr'>perpetua</span> <span class='ocrx_word' id='word_1_53' title='bbox 675 1463 832 1507; x_wconf 89' lang='lat' dir='ltr'>annonae</span> <span class='ocrx_word' id='word_1_54' title='bbox 864 1462 945 1507; x_wconf 88' lang='lat' dir='ltr'>cura</span> <span class='ocrx_word' id='word_1_55' title='bbox 968 1440 1103 1526; x_wconf 88' lang='lat' dir='ltr'>publice</span> <span class='ocrx_word' id='word_1_56' title='bbox 1128 1439 1246 1506; x_wconf 89' lang='lat' dir='ltr'>habita</span> <span class='ocrx_word' id='word_1_57' title='bbox 1269 1463 1339 1507; x_wconf 91' lang='lat' dir='ltr'>csse</span> <span class='ocrx_word' id='word_1_58' title='bbox 1363 1442 1453 1508; x_wconf 90' lang='lat' dir='ltr'>vide-</span> 
     </span>
     <span class='ocr_line' id='line_1_9' title="bbox 288 1553 1451 1642; baseline 0 -22"><span class='ocrx_word' id='word_1_59' title='bbox 288 1564 354 1622; x_wconf 89' lang='lat' dir='ltr'>tur.</span> <span class='ocrx_word' id='word_1_60' title='bbox 400 1556 581 1621; x_wconf 79' lang='lat' dir='ltr'>Interdum</span> <span class='ocrx_word' id='word_1_61' title='bbox 615 1555 739 1621; x_wconf 83' lang='lat' dir='ltr'>aediles</span> <span class='ocrx_word' id='word_1_62' title='bbox 763 1556 897 1642; x_wconf 86' lang='lat' dir='ltr'>privato</span> <span class='ocrx_word' id='word_1_63' title='bbox 921 1559 1062 1641; x_wconf 90' lang='lat' dir='ltr'>sumptu</span> <span class='ocrx_word' id='word_1_64' title='bbox 1085 1575 1260 1620; x_wconf 90' lang='lat' dir='ltr'>annonam</span> <span class='ocrx_word' id='word_1_65' title='bbox 1282 1553 1451 1620; x_wconf 78' lang='lat' dir='ltr'>levabant.</span> 
     </span>
     <span class='ocr_line' id='line_1_10' title="bbox 288 1663 1451 1755; baseline 0 -20"><span class='ocrx_word' id='word_1_66' title='bbox 288 1663 353 1735; x_wconf 81' lang='lat' dir='ltr'>Ab</span> <span class='ocrx_word' id='word_1_67' title='bbox 366 1669 425 1736; x_wconf 90' lang='lat' dir='ltr'>illa</span> <span class='ocrx_word' id='word_1_68' title='bbox 448 1692 530 1736; x_wconf 92' lang='lat' dir='ltr'>cura</span> <span class='ocrx_word' id='word_1_69' title='bbox 552 1677 669 1735; x_wconf 88' lang='lat' dir='ltr'>tamen</span> <span class='ocrx_word' id='word_1_70' title='bbox 697 1668 847 1734; x_wconf 89' lang='lat' dir='ltr'>multum</span> <span class='ocrx_word' id='word_1_71' title='bbox 869 1669 984 1733; x_wconf 86' lang='lat' dir='ltr'>differt</span> <span class='ocrx_word' id='word_1_72' title='bbox 1007 1668 1171 1733; x_wconf 86' lang='lat' dir='ltr'>frumenti</span> <span class='ocrx_word' id='word_1_73' title='bbox 1193 1667 1337 1752; x_wconf 84' lang='lat' dir='ltr'>largitio,</span> <span class='ocrx_word' id='word_1_74' title='bbox 1366 1691 1451 1755; x_wconf 88' lang='lat' dir='ltr'>quae</span> 
     </span>
     <span class='ocr_line' id='line_1_11' title="bbox 289 1781 1450 1850; baseline -0.002 -2"><span class='ocrx_word' id='word_1_75' title='bbox 289 1789 424 1850; x_wconf 89' lang='lat' dir='ltr'>auctore</span> <span class='ocrx_word' id='word_1_76' title='bbox 455 1784 491 1850; x_wconf 77' lang='lat' dir='ltr'>O.</span> <span class='ocrx_word' id='word_1_77' title='bbox 516 1783 670 1850; x_wconf 84' lang='lat' dir='ltr'>Graccho</span> <span class='ocrx_word' id='word_1_78' title='bbox 698 1783 737 1848; x_wconf 90' lang='lat' dir='ltr'>in</span> <span class='ocrx_word' id='word_1_79' title='bbox 760 1782 1045 1848; x_wconf 88' lang='lat' dir='ltr'>consuetudinem</span> <span class='ocrx_word' id='word_1_80' title='bbox 1067 1782 1172 1848; x_wconf 86' lang='lat' dir='ltr'>venit.</span> <span class='ocrx_word' id='word_1_81' title='bbox 1219 1781 1274 1846; x_wconf 82' lang='lat' dir='ltr'>Ab</span> <span class='ocrx_word' id='word_1_82' title='bbox 1298 1803 1338 1846; x_wconf 92' lang='lat' dir='ltr'>eo</span> <span class='ocrx_word' id='word_1_83' title='bbox 1361 1782 1450 1847; x_wconf 89' lang='lat' dir='ltr'>enim</span> 
     </span>
     <span class='ocr_line' id='line_1_12' title="bbox 289 1894 1454 1982; baseline -0.003 -20"><span class='ocrx_word' id='word_1_84' title='bbox 289 1898 325 1962; x_wconf 92' lang='lat' dir='ltr'>in</span> <span class='ocrx_word' id='word_1_85' title='bbox 337 1898 574 1964; x_wconf 83' lang='lat' dir='ltr'>Romanorum</span> <span class='ocrx_word' id='word_1_86' title='bbox 589 1918 700 1963; x_wconf 89' lang='lat' dir='ltr'>mores</span> <span class='ocrx_word' id='word_1_87' title='bbox 711 1896 894 1962; x_wconf 89' lang='lat' dir='ltr'>inductum</span> <span class='ocrx_word' id='word_1_88' title='bbox 906 1902 955 1961; x_wconf 90' lang='lat' dir='ltr'>cst</span> <span class='ocrx_word' id='word_1_89' title='bbox 967 1901 1006 1960; x_wconf 90' lang='lat' dir='ltr'>ut</span> <span class='ocrx_word' id='word_1_90' title='bbox 1017 1894 1152 1982; x_wconf 88' lang='lat' dir='ltr'>publice</span> <span class='ocrx_word' id='word_1_91' title='bbox 1166 1895 1277 1980; x_wconf 90' lang='lat' dir='ltr'>primo</span> <span class='ocrx_word' id='word_1_92' title='bbox 1291 1916 1454 1981; x_wconf 89' lang='lat' dir='ltr'>perquam</span> 
     </span>
     <span class='ocr_line' id='line_1_13' title="bbox 289 2008 1456 2097; baseline -0.003 -21"><span class='ocrx_word' id='word_1_93' title='bbox 289 2012 423 2097; x_wconf 87' lang='lat' dir='ltr'>exiguo,</span> <span class='ocrx_word' id='word_1_94' title='bbox 460 2033 542 2076; x_wconf 85' lang='lat' dir='ltr'>mox</span> <span class='ocrx_word' id='word_1_95' title='bbox 571 2032 735 2095; x_wconf 87' lang='lat' dir='ltr'>magnam</span> <span class='ocrx_word' id='word_1_96' title='bbox 757 2017 891 2096; x_wconf 90' lang='lat' dir='ltr'>partem</span> <span class='ocrx_word' id='word_1_97' title='bbox 916 2008 1011 2074; x_wconf 92' lang='lat' dir='ltr'>nullo</span> <span class='ocrx_word' id='word_1_98' title='bbox 1035 2009 1143 2096; x_wconf 87' lang='lat' dir='ltr'>pretio</span> <span class='ocrx_word' id='word_1_99' title='bbox 1167 2010 1382 2073; x_wconf 80' lang='lat' dir='ltr'>frumentum</span> <span class='ocrx_word' id='word_1_100' title='bbox 1405 2029 1456 2073; x_wconf 93' lang='lat' dir='ltr'>ur-</span> 
     </span>
     <span class='ocr_line' id='line_1_14' title="bbox 289 2121 1456 2212; baseline -0.005 -21"><span class='ocrx_word' id='word_1_101' title='bbox 289 2126 398 2191; x_wconf 91' lang='lat' dir='ltr'>banae</span> <span class='ocrx_word' id='word_1_102' title='bbox 418 2124 510 2212; x_wconf 90' lang='lat' dir='ltr'>plebi</span> <span class='ocrx_word' id='word_1_103' title='bbox 523 2124 791 2192; x_wconf 85' lang='lat' dir='ltr'>distribueretur.</span> <span class='ocrx_word' id='word_1_104' title='bbox 839 2123 935 2200; x_wconf 76' lang='lat' dir='ltr'>Quae</span> <span class='ocrx_word' id='word_1_105' title='bbox 951 2123 1285 2202; x_wconf 86' lang='lat' dir='ltr'>‚,frumentationes”,</span> <span class='ocrx_word' id='word_1_106' title='bbox 1299 2127 1338 2186; x_wconf 91' lang='lat' dir='ltr'>ut</span> <span class='ocrx_word' id='word_1_107' title='bbox 1354 2121 1456 2206; x_wconf 87' lang='lat' dir='ltr'>vulgo</span> 
     </span>
     <span class='ocr_line' id='line_1_15' title="bbox 289 2234 1458 2324; baseline -0.005 -20"><span class='ocrx_word' id='word_1_108' title='bbox 289 2237 515 2324; x_wconf 85' lang='lat' dir='ltr'>appellantur,</span> <span class='ocrx_word' id='word_1_109' title='bbox 552 2242 681 2322; x_wconf 91' lang='lat' dir='ltr'>quanta</span> <span class='ocrx_word' id='word_1_110' title='bbox 715 2234 806 2299; x_wconf 88' lang='lat' dir='ltr'>mala</span> <span class='ocrx_word' id='word_1_111' title='bbox 830 2234 959 2299; x_wconf 84' lang='lat' dir='ltr'>Romae</span> <span class='ocrx_word' id='word_1_112' title='bbox 983 2235 1113 2320; x_wconf 89' lang='lat' dir='ltr'>totique</span> <span class='ocrx_word' id='word_1_113' title='bbox 1137 2235 1211 2299; x_wconf 85' lang='lat' dir='ltr'>fere¹</span> <span class='ocrx_word' id='word_1_114' title='bbox 1229 2234 1348 2300; x_wconf 84' lang='lat' dir='ltr'>Italiac</span> <span class='ocrx_word' id='word_1_115' title='bbox 1373 2239 1458 2300; x_wconf 90' lang='lat' dir='ltr'>attu-</span> 
     </span>
     <span class='ocr_line' id='line_1_16' title="bbox 290 2346 1455 2436; baseline -0.003 -21"><span class='ocrx_word' id='word_1_116' title='bbox 290 2351 393 2418; x_wconf 91' lang='lat' dir='ltr'>lerint</span> <span class='ocrx_word' id='word_1_117' title='bbox 415 2351 452 2414; x_wconf 89' lang='lat' dir='ltr'>in</span> <span class='ocrx_word' id='word_1_118' title='bbox 475 2356 637 2436; x_wconf 90' lang='lat' dir='ltr'>promptu</span> <span class='ocrx_word' id='word_1_119' title='bbox 660 2354 718 2428; x_wconf 92' lang='lat' dir='ltr'>est,</span> <span class='ocrx_word' id='word_1_120' title='bbox 745 2368 849 2434; x_wconf 90' lang='lat' dir='ltr'>quare</span> <span class='ocrx_word' id='word_1_121' title='bbox 873 2346 1050 2430; x_wconf 82' lang='lat' dir='ltr'>Augustus</span> <span class='ocrx_word' id='word_1_122' title='bbox 1076 2347 1265 2432; x_wconf 85' lang='lat' dir='ltr'>,impetum</span> <span class='ocrx_word' id='word_1_123' title='bbox 1284 2370 1318 2413; x_wconf 91' lang='lat' dir='ltr'>se</span> <span class='ocrx_word' id='word_1_124' title='bbox 1331 2347 1455 2434; x_wconf 89' lang='lat' dir='ltr'>cepisse</span> 
     </span>
     <span class='ocr_line' id='line_1_17' title="bbox 291 2457 1458 2546; baseline -0.004 -16"><span class='ocrx_word' id='word_1_125' title='bbox 291 2464 407 2530; x_wconf 88' lang='lat' dir='ltr'>scribit</span> <span class='ocrx_word' id='word_1_126' title='bbox 425 2461 708 2528; x_wconf 85' lang='lat' dir='ltr'>frumentationes</span> <span class='ocrx_word' id='word_1_127' title='bbox 731 2459 886 2545; x_wconf 89' lang='lat' dir='ltr'>publicas</span> <span class='ocrx_word' id='word_1_128' title='bbox 912 2459 949 2522; x_wconf 90' lang='lat' dir='ltr'>in</span> <span class='ocrx_word' id='word_1_129' title='bbox 965 2465 1171 2544; x_wconf 89' lang='lat' dir='ltr'>perpetuum</span> <span class='ocrx_word' id='word_1_130' title='bbox 1182 2457 1351 2540; x_wconf 86' lang='lat' dir='ltr'>abolendi,</span> <span class='ocrx_word' id='word_1_131' title='bbox 1366 2459 1458 2546; x_wconf 92' lang='lat' dir='ltr'>quod</span> 
     </span>
     <span class='ocr_line' id='line_1_18' title="bbox 291 2573 1460 2661; baseline -0.003 -18"><span class='ocrx_word' id='word_1_132' title='bbox 291 2598 410 2643; x_wconf 87' lang='lat' dir='ltr'>earum</span> <span class='ocrx_word' id='word_1_133' title='bbox 434 2575 559 2640; x_wconf 90' lang='lat' dir='ltr'>fiducia</span> <span class='ocrx_word' id='word_1_134' title='bbox 583 2573 717 2640; x_wconf 90' lang='lat' dir='ltr'>cultura</span> <span class='ocrx_word' id='word_1_135' title='bbox 741 2593 903 2657; x_wconf 89' lang='lat' dir='ltr'>agrorum</span> <span class='ocrx_word' id='word_1_136' title='bbox 927 2577 1089 2637; x_wconf 87' lang='lat' dir='ltr'>cessaret:</span> <span class='ocrx_word' id='word_1_137' title='bbox 1114 2593 1225 2658; x_wconf 92' lang='lat' dir='ltr'>neque</span> <span class='ocrx_word' id='word_1_138' title='bbox 1249 2578 1366 2637; x_wconf 89' lang='lat' dir='ltr'>tamen</span> <span class='ocrx_word' id='word_1_139' title='bbox 1386 2595 1460 2661; x_wconf 91' lang='lat' dir='ltr'>per-</span> 
     </span>
     <span class='ocr_line' id='line_1_19' title="bbox 291 2683 1460 2774; baseline -0.003 -18"><span class='ocrx_word' id='word_1_140' title='bbox 291 2711 470 2770; x_wconf 87' lang='lat' dir='ltr'>severasse,</span> <span class='ocrx_word' id='word_1_141' title='bbox 507 2687 589 2774; x_wconf 92' lang='lat' dir='ltr'>quia</span> <span class='ocrx_word' id='word_1_142' title='bbox 623 2692 756 2753; x_wconf 89' lang='lat' dir='ltr'>certum</span> <span class='ocrx_word' id='word_1_143' title='bbox 792 2685 934 2751; x_wconf 90' lang='lat' dir='ltr'>haberet</span> <span class='ocrx_word' id='word_1_144' title='bbox 968 2692 1044 2772; x_wconf 92' lang='lat' dir='ltr'>post</span> <span class='ocrx_word' id='word_1_145' title='bbox 1078 2707 1112 2751; x_wconf 90' lang='lat' dir='ltr'>se</span> <span class='ocrx_word' id='word_1_146' title='bbox 1147 2706 1208 2772; x_wconf 92' lang='lat' dir='ltr'>per</span> <span class='ocrx_word' id='word_1_147' title='bbox 1236 2683 1460 2753; x_wconf 85' lang='lat' dir='ltr'>ambitionem</span> 
     </span>
     <span class='ocr_line' id='line_1_20' title="bbox 293 2798 1462 2891; baseline -0.003 -22"><span class='ocrx_word' id='word_1_148' title='bbox 293 2803 499 2891; x_wconf 90' lang='lat' dir='ltr'>quandoque</span> <span class='ocrx_word' id='word_1_149' title='bbox 523 2800 686 2867; x_wconf 88' lang='lat' dir='ltr'>restitui.&#39;&#39;</span> <span class='ocrx_word' id='word_1_150' title='bbox 712 2798 738 2886; x_wconf 70' lang='grc'>1)</span> <span class='ocrx_word' id='word_1_151' title='bbox 761 2799 895 2864; x_wconf 90' lang='lat' dir='ltr'>Malum</span> <span class='ocrx_word' id='word_1_152' title='bbox 918 2805 990 2864; x_wconf 90' lang='lat' dir='ltr'>tam</span> <span class='ocrx_word' id='word_1_153' title='bbox 1013 2799 1098 2865; x_wconf 89' lang='lat' dir='ltr'>altas</span> <span class='ocrx_word' id='word_1_154' title='bbox 1120 2799 1250 2865; x_wconf 90' lang='lat' dir='ltr'>radices</span> <span class='ocrx_word' id='word_1_155' title='bbox 1273 2806 1398 2884; x_wconf 87' lang='lat' dir='ltr'>egerat,</span> <span class='ocrx_word' id='word_1_156' title='bbox 1423 2807 1462 2866; x_wconf 89' lang='lat' dir='ltr'>ut</span> 
     </span>
     <span class='ocr_line' id='line_1_21' title="bbox 295 2912 1461 3007; baseline -0.003 -24"><span class='ocrx_word' id='word_1_157' title='bbox 295 2939 337 2982; x_wconf 90' lang='lat' dir='ltr'>ne</span> <span class='ocrx_word' id='word_1_158' title='bbox 365 2915 619 3004; x_wconf 86' lang='lat' dir='ltr'>potentissimus</span> <span class='ocrx_word' id='word_1_159' title='bbox 643 2913 784 3000; x_wconf 89' lang='lat' dir='ltr'>quidem</span> <span class='ocrx_word' id='word_1_160' title='bbox 807 2912 864 2978; x_wconf 93' lang='lat' dir='ltr'>ille</span> <span class='ocrx_word' id='word_1_161' title='bbox 887 2913 1046 3000; x_wconf 89' lang='lat' dir='ltr'>princeps</span> <span class='ocrx_word' id='word_1_162' title='bbox 1063 2913 1100 2978; x_wconf 89' lang='lat' dir='ltr'>id</span> <span class='ocrx_word' id='word_1_163' title='bbox 1112 2913 1298 3007; x_wconf 83' lang='lat' dir='ltr'>exstirpare</span> <span class='ocrx_word' id='word_1_164' title='bbox 1312 2913 1461 2980; x_wconf 88' lang='lat' dir='ltr'>auderet.</span> 
     </span>
     <span class='ocr_line' id='line_1_22' title="bbox 295 3027 1462 3114; baseline -0.003 -19"><span class='ocrx_word' id='word_1_165' title='bbox 295 3029 405 3097; x_wconf 85' lang='lat' dir='ltr'>Simul</span> <span class='ocrx_word' id='word_1_166' title='bbox 428 3036 544 3095; x_wconf 89' lang='lat' dir='ltr'>autem</span> <span class='ocrx_word' id='word_1_167' title='bbox 565 3027 707 3113; x_wconf 88' lang='lat' dir='ltr'>antiqua</span> <span class='ocrx_word' id='word_1_168' title='bbox 737 3048 819 3092; x_wconf 91' lang='lat' dir='ltr'>cura</span> <span class='ocrx_word' id='word_1_169' title='bbox 842 3047 998 3092; x_wconf 91' lang='lat' dir='ltr'>annonae</span> <span class='ocrx_word' id='word_1_170' title='bbox 1023 3028 1220 3113; x_wconf 89' lang='lat' dir='ltr'>permansit,</span> <span class='ocrx_word' id='word_1_171' title='bbox 1246 3048 1333 3114; x_wconf 92' lang='lat' dir='ltr'>quae</span> <span class='ocrx_word' id='word_1_172' title='bbox 1357 3028 1462 3114; x_wconf 86' lang='lat' dir='ltr'>impe-</span> 
     </span>
     <span class='ocr_line' id='line_1_23' title="bbox 296 3139 1459 3228; baseline -0.003 -19"><span class='ocrx_word' id='word_1_173' title='bbox 296 3143 464 3209; x_wconf 89' lang='lat' dir='ltr'>ratoribus</span> <span class='ocrx_word' id='word_1_174' title='bbox 497 3141 697 3228; x_wconf 89' lang='lat' dir='ltr'>praesertim</span> <span class='ocrx_word' id='word_1_175' title='bbox 724 3139 946 3224; x_wconf 83' lang='lat' dir='ltr'>regnantibus</span> <span class='ocrx_word' id='word_1_176' title='bbox 969 3141 1098 3205; x_wconf 91' lang='lat' dir='ltr'>mirum</span> <span class='ocrx_word' id='word_1_177' title='bbox 1122 3147 1292 3227; x_wconf 90' lang='lat' dir='ltr'>quantum</span> <span class='ocrx_word' id='word_1_178' title='bbox 1314 3140 1459 3208; x_wconf 86' lang='lat' dir='ltr'>valebat.</span> 
     </span>
     <span class='ocr_line' id='line_1_24' title="bbox 296 3253 1462 3340; baseline -0.004 -17"><span class='ocrx_word' id='word_1_179' title='bbox 296 3258 385 3323; x_wconf 87' lang='lat' dir='ltr'>Cum</span> <span class='ocrx_word' id='word_1_180' title='bbox 415 3256 552 3322; x_wconf 87' lang='lat' dir='ltr'>civitate</span> <span class='ocrx_word' id='word_1_181' title='bbox 576 3253 817 3320; x_wconf 85' lang='lat' dir='ltr'>concertabant</span> <span class='ocrx_word' id='word_1_182' title='bbox 838 3254 972 3340; x_wconf 87' lang='lat' dir='ltr'>privati,</span> <span class='ocrx_word' id='word_1_183' title='bbox 998 3254 1058 3340; x_wconf 88' lang='lat' dir='ltr'>qui</span> <span class='ocrx_word' id='word_1_184' title='bbox 1082 3255 1208 3340; x_wconf 89' lang='lat' dir='ltr'>partim</span> <span class='ocrx_word' id='word_1_185' title='bbox 1233 3253 1462 3320; x_wconf 88' lang='lat' dir='ltr'>multitudinis</span> 
     </span>
     <span class='ocr_line' id='line_1_25' title="bbox 296 3367 1460 3455; baseline -0.003 -19"><span class='ocrx_word' id='word_1_186' title='bbox 296 3371 457 3455; x_wconf 87' lang='lat' dir='ltr'>suffragia</span> <span class='ocrx_word' id='word_1_187' title='bbox 491 3374 675 3455; x_wconf 88' lang='lat' dir='ltr'>captantes,</span> <span class='ocrx_word' id='word_1_188' title='bbox 711 3368 837 3454; x_wconf 91' lang='lat' dir='ltr'>partim</span> <span class='ocrx_word' id='word_1_189' title='bbox 866 3389 919 3434; x_wconf 89' lang='lat' dir='ltr'>res</span> <span class='ocrx_word' id='word_1_190' title='bbox 942 3389 1048 3435; x_wconf 85' lang='lat' dir='ltr'>novas</span> <span class='ocrx_word' id='word_1_191' title='bbox 1069 3374 1266 3448; x_wconf 88' lang='lat' dir='ltr'>metuentes,</span> <span class='ocrx_word' id='word_1_192' title='bbox 1291 3367 1460 3434; x_wconf 89' lang='lat' dir='ltr'>urbanam</span> 
     </span>
     <span class='ocr_line' id='line_1_26' title="bbox 295 3480 1460 3572; baseline -0.003 -24"><span class='ocrx_word' id='word_1_193' title='bbox 295 3483 432 3572; x_wconf 91' lang='lat' dir='ltr'>plebem</span> <span class='ocrx_word' id='word_1_194' title='bbox 454 3481 627 3548; x_wconf 89' lang='lat' dir='ltr'>beneficiis</span> <span class='ocrx_word' id='word_1_195' title='bbox 650 3480 882 3546; x_wconf 90' lang='lat' dir='ltr'>cumulabant.</span> <span class='ocrx_word' id='word_1_196' title='bbox 929 3482 1005 3546; x_wconf 89' lang='lat' dir='ltr'>Iam</span> <span class='ocrx_word' id='word_1_197' title='bbox 1027 3480 1241 3546; x_wconf 86' lang='lat' dir='ltr'>illustrantur</span> <span class='ocrx_word' id='word_1_198' title='bbox 1259 3481 1460 3548; x_wconf 85' lang='lat' dir='ltr'>haecverba</span> 
     </span>
     <span class='ocr_line' id='line_1_27' title="bbox 296 3594 1460 3684; baseline -0.006 -19"><span class='ocrx_word' id='word_1_199' title='bbox 296 3597 446 3666; x_wconf 83' lang='lat' dir='ltr'>Sallustii</span> <span class='ocrx_word' id='word_1_200' title='bbox 481 3594 527 3684; x_wconf 76' lang='lat'>2):</span> <span class='ocrx_word' id='word_1_201' title='bbox 566 3597 760 3676; x_wconf 75' lang='lat' dir='ltr'>„Iuventus</span> <span class='ocrx_word' id='word_1_202' title='bbox 798 3617 884 3681; x_wconf 90' lang='lat' dir='ltr'>quae</span> <span class='ocrx_word' id='word_1_203' title='bbox 919 3595 956 3659; x_wconf 91' lang='lat' dir='ltr'>in</span> <span class='ocrx_word' id='word_1_204' title='bbox 990 3595 1079 3680; x_wconf 91' lang='lat' dir='ltr'>agris</span> <span class='ocrx_word' id='word_1_205' title='bbox 1114 3616 1283 3660; x_wconf 90' lang='lat' dir='ltr'>manuum</span> <span class='ocrx_word' id='word_1_206' title='bbox 1306 3594 1460 3662; x_wconf 88' lang='lat' dir='ltr'>mercede</span> 
     </span>
     <span class='ocr_line' id='line_1_28' title="bbox 295 3706 1462 3799; baseline -0.005 -21"><span class='ocrx_word' id='word_1_207' title='bbox 295 3712 450 3799; x_wconf 88' lang='lat' dir='ltr'>inopiam</span> <span class='ocrx_word' id='word_1_208' title='bbox 483 3710 696 3789; x_wconf 86' lang='lat' dir='ltr'>toleraverat,</span> <span class='ocrx_word' id='word_1_209' title='bbox 732 3709 874 3794; x_wconf 81' lang='lat' dir='ltr'>privatis</span> <span class='ocrx_word' id='word_1_210' title='bbox 908 3717 1010 3794; x_wconf 89' lang='lat' dir='ltr'>atque</span> <span class='ocrx_word' id='word_1_211' title='bbox 1046 3706 1191 3794; x_wconf 90' lang='lat' dir='ltr'>publicis</span> <span class='ocrx_word' id='word_1_212' title='bbox 1224 3708 1462 3792; x_wconf 88' lang='lat' dir='ltr'>largitionibus</span> 
     </span>
     <span class='ocr_line' id='line_1_29' title="bbox 296 3805 1283 3907; baseline -0.006 -15"><span class='ocrx_word' id='word_1_213' title='bbox 296 3827 407 3892; x_wconf 86' lang='lat' dir='ltr'>excita</span> <span class='ocrx_word' id='word_1_214' title='bbox 430 3805 602 3889; x_wconf 89' lang='lat' dir='ltr'>urbanum</span> <span class='ocrx_word' id='word_1_215' title='bbox 627 3822 736 3888; x_wconf 89' lang='lat' dir='ltr'>otium</span> <span class='ocrx_word' id='word_1_216' title='bbox 758 3822 892 3906; x_wconf 88' lang='lat' dir='ltr'>ingrato</span> <span class='ocrx_word' id='word_1_217' title='bbox 915 3821 1023 3886; x_wconf 90' lang='lat' dir='ltr'>labori</span> <span class='ocrx_word' id='word_1_218' title='bbox 1046 3821 1283 3907; x_wconf 88' lang='lat' dir='ltr'>praetulerat.&#39;&#39;</span> 
     </span>
    </p>

    <p class='ocr_par' dir='ltr' id='par_1_5' title="bbox 340 3934 1462 4021">
     <span class='ocr_line' id='line_1_30' title="bbox 340 3934 1462 4021; baseline -0.004 -16"><span class='ocrx_word' id='word_1_219' title='bbox 340 3938 490 4005; x_wconf 87' lang='lat' dir='ltr'>Romani</span> <span class='ocrx_word' id='word_1_220' title='bbox 513 3959 593 4003; x_wconf 90' lang='lat' dir='ltr'>cum</span> <span class='ocrx_word' id='word_1_221' title='bbox 616 3935 721 4002; x_wconf 89' lang='lat' dir='ltr'>semel</span> <span class='ocrx_word' id='word_1_222' title='bbox 744 3935 912 4021; x_wconf 94' lang='lat' dir='ltr'>populum</span> <span class='ocrx_word' id='word_1_223' title='bbox 935 3934 1060 4000; x_wconf 90' lang='lat' dir='ltr'>talibus</span> <span class='ocrx_word' id='word_1_224' title='bbox 1079 3934 1317 4018; x_wconf 88' lang='lat' dir='ltr'>largitionibus</span> <span class='ocrx_word' id='word_1_225' title='bbox 1329 3934 1462 4020; x_wconf 86' lang='lat' dir='ltr'>placare</span> 
     </span>
    </p>
   </div>
   <div class='ocr_carea' id='block_1_5' title="bbox 328 4173 740 4358">
    <p class='ocr_par' dir='ltr' id='par_1_6' title="bbox 328 4173 740 4358">
     <span class='ocr_line' id='line_1_31' title="bbox 328 4173 740 4273; baseline -0.005 -14"><span class='ocrx_word' id='word_1_226' title='bbox 328 4209 347 4270; x_wconf 79' lang='grc' dir='ltr'>Ι)</span> <span class='ocrx_word' id='word_1_227' title='bbox 376 4209 440 4259; x_wconf 70' lang='lat' dir='ltr'>sna.</span> <span class='ocrx_word' id='word_1_228' title='bbox 459 4211 520 4273; x_wconf 70' lang='lat' dir='ltr'>nug.</span> <span class='ocrx_word' id='word_1_229' title='bbox 538 4209 570 4258; x_wconf 79' lang='lat'>42</span> <span class='ocrx_word' id='word_1_230' title='bbox 588 4207 641 4268; x_wconf 74' lang='lat' dir='ltr'>(m.</span> <span class='ocrx_word' id='word_1_231' title='bbox 659 4173 740 4267; x_wconf 78' lang='lat' dir='ltr'>notu.</span> 
     </span>
     <span class='ocr_line' id='line_1_32' title="bbox 332 4291 621 4358; baseline 0 -16"><span class='ocrx_word' id='word_1_232' title='bbox 332 4295 352 4358; x_wconf 63' lang='grc'>2)</span> <span class='ocrx_word' id='word_1_233' title='bbox 378 4293 434 4343; x_wconf 76' lang='lat' dir='ltr'>Sall.</span> <span class='ocrx_word' id='word_1_234' title='bbox 452 4291 522 4342; x_wconf 79' lang='lat' dir='ltr'>Catil.</span> <span class='ocrx_word' id='word_1_235' title='bbox 541 4291 580 4349; x_wconf 79' lang='lat'>87,</span> <span class='ocrx_word' id='word_1_236' title='bbox 599 4291 621 4344; x_wconf 89' lang='grc'>7.</span> 
     </span>
    </p>
   </div>
   <div class='ocr_carea' id='block_1_6' title="bbox 0 0 1577 5124">
    <p class='ocr_par' dir='ltr' id='par_1_7' title="bbox 0 0 1577 5124">
     <span class='ocr_line' id='line_1_33' title="bbox 0 0 1577 5124; baseline 0 0"><span class='ocrx_word' id='word_1_237' title='bbox 0 0 1577 5124; x_wconf 95' lang='lat' dir='ltr'> </span> 
     </span>
    </p>
   </div>
  </div>
 </body>
</html>
