3084 5128
614 685 678 751 277

66 864 210 948 pecuniis
244 884 314 930 non
348 863 473 949 urgeri,
509 883 697 950 pauperem
732 860 874 948 quidem
903 882 983 943 esse,
1006 861 1065 928 sed
1089 861 1126 927 in
1150 883 1227 929 aere

68 974 169 1044 alieno
197 998 267 1044 non
290 976 427 1044 versari.

103 1089 152 1157 Id.
175 1090 240 1178 Ep.
263 1090 291 1172 Ι,
317 1091 347 1171 1,
371 1089 415 1155 45
443 1109 535 1175 seq:

147 1203 319 1290 „Impiger
341 1210 512 1270 extremos
533 1201 643 1269 ourris
667 1207 834 1270 mereator
857 1202 901 1268 ad
924 1201 1041 1284 Indae,

143 1317 209 1383 Per
233 1338 326 1383 mare
349 1316 550 1404 pauperiem
574 1313 718 1401 fugiens,
743 1337 803 1401 per
827 1337 919 1396 saxa,
945 1337 1007 1403 per
1030 1316 1158 1401 ignes.''

65 1427 209 1496 Stultum
241 1451 312 1496 esse
341 1429 519 1514 signifieat,
545 1429 661 1516 quise
686 1428 812 1495 obiciat
839 1429 1031 1496 innumeris
1057 1430 1227 1518 perieulia

64 1547 97 1608 ut
117 1547 353 1632 paupertatem
377 1544 452 1630 (per
473 1563 507 1609 se
533 1542 674 1608 minime
697 1541 842 1628 malum)
864 1542 985 1628 fugiat.

102 1656 152 1722 Id.
179 1657 293 1723 Carm.
317 1657 344 1739 Ι,
370 1658 402 1739 1,
428 1657 493 1722 18:

470 1769 573 1850 „Mox
595 1769 704 1836 reficit
723 1775 812 1836 rates

144 1884 302 1966 Quassas,
325 1881 483 1950 indoeilis
505 1884 707 1970 pauperiem
730 1883 834 1971 pati.'’

64 1996 226 2084 Loquitur
259 1996 301 2063 de
336 2003 522 2063 mercatore
556 1995 658 2084 paulo
694 2005 772 2063 aute
797 2003 1015 2084 tempestates
1040 2006 1225 2068 metuente.

102 2110 190 2177 Ibid.
213 2110 277 2192 ΙΙΙ,
302 2111 355 2191 29,
380 2111 421 2176 53
444 2130 561 2197 seqq:

304 2223 502 2312 „(Fortuna)
525 2224 553 2290 si
576 2222 694 2289 eoloris
718 2225 828 2311 quatit

147 2338 285 2418 Pinnas,
310 2337 444 2422 resigno
468 2357 555 2424 quae
578 2336 674 2402 dedit
695 2343 729 2403 et
751 2359 829 2404 mea

207 2451 343 2519 Virtute
367 2472 422 2517 me
449 2449 591 2516 inuoluo
615 2450 828 2538 probamque

240 2565 446 2652 Pauperiem
469 2565 541 2631 sine
564 2563 642 2630 dote
667 2565 826 2651 quaero.”

104 2679 207 2764 Verg.
231 2679 316 2744 Aen.
342 2678 437 2759 VIII,
459 2680 524 2744 359
547 2699 662 2765 seqq:

151 2791 310 2872 „Talibus
331 2792 421 2858 inter
443 2813 477 2857 se
501 2791 600 2858 dietis
619 2791 663 2857 ad
687 2799 773 2858 tecta
797 2792 958 2861 subibant

192 2906 357 2992 Pauperis
379 2904 534 2971 Euandri
559 2905 754 2992 passimque
778 2913 933 2972 armenta
960 2907 1122 2974 videbant

148 3020 375 3105 Romanoque
397 3019 470 3085 foro
494 3025 528 3084 et
549 3017 652 3084 lautis
675 3020 808 3104 mugire
832 3020 996 3087 Carinis.'’

66 3133 167 3199 Cuius
203 3133 330 3220 passim
361 3139 516 3199 armenta
550 3133 717 3217 mugiant,
752 3134 825 3200 eius
859 3135 1009 3221 profecto
1045 3145 1228 3224 paupertas

66 3267 131 3312 non
154 3255 204 3313 est
226 3247 451 3313 intoleranda.

104 3361 179 3427 Tib.
202 3362 229 3442 I,
256 3364 285 3441 1,
310 3360 330 3426 5
354 3381 444 3447 seq.;
469 3361 533 3426 25:

151 3473 226 3554 „Me
249 3495 327 3540 mea
351 3481 535 3561 paupertas
558 3473 629 3540 vita
652 3473 808 3540 traducat
832 3475 944 3558 inerti,

193 3589 286 3654 Dum
310 3609 407 3653 meus
430 3587 572 3653 adsiduo
594 3587 707 3654 luceat
729 3589 809 3672 igne
832 3589 936 3655 foous.

149 3701 222 3767 Iam
248 3701 345 3779 mihi,
369 3702 439 3767 iam
462 3702 587 3787 possim
611 3709 792 3768 contentus
816 3703 928 3768 vivere
953 3704 1091 3789 parvo.”

104 3815 481 3901 fflffibfflm:

152 3927 221 4008 „Sit
244 3929 331 3995 mihi
355 3937 538 4016 paupertas
561 3935 675 3995 tecum
698 3928 858 4010 iucunda,
883 3929 1035 3996 Neaera:

192 4042 238 4108 At
272 4042 399 4108 sinete
434 4064 556 4126 regum
580 4064 724 4110 munera
748 4040 843 4106 nulla
867 4041 976 4109 volo.”

105 4153 191 4222 ibid.
216 4178 264 4224 vs.
291 4158 333 4222 29
356 4178 451 4244 seqq.

150 4267 242 4349 „Neo
267 4291 322 4336 me
345 4291 452 4356 regne
474 4270 600 4338 iuvant
621 4291 684 4336 nee
706 4270 837 4357 Lydius
860 4270 987 4337 aurifer
1008 4271 1120 4337 amnis

193 4383 264 4452 Neo
290 4405 375 4470 quas
398 4390 566 4453 terrarum
589 4384 734 4452 sustinet
755 4382 847 4450 orbis
869 4405 959 4472 opes.
