<?xml version="1.0" encoding="UTF-8"?>
<!DOCTYPE html PUBLIC "-//W3C//DTD XHTML 1.0 Transitional//EN"
    "http://www.w3.org/TR/xhtml1/DTD/xhtml1-transitional.dtd">
<html xmlns="http://www.w3.org/1999/xhtml" xml:lang="en" lang="en">
 <head>
  <title>
</title>
<meta http-equiv="Content-Type" content="text/html;charset=utf-8" />
  <meta name='ocr-system' content='tesseract 3.04.00' />
  <meta name='ocr-capabilities' content='ocr_page ocr_carea ocr_par ocr_line ocrx_word'/>
</head>
<body>
  <div class='ocr_page' id='page_1' title='image "./depauperumcuraa01essegoog_0035.png"; bbox 0 0 3122 5130; ppageno 0'>
   <div class='ocr_carea' id='block_1_1' title="bbox 857 535 898 599">
    <p class='ocr_par' dir='ltr' id='par_1_1' title="bbox 857 535 898 599">
     <span class='ocr_line' id='line_1_1' title="bbox 857 535 898 599; baseline -0.024 0"><span class='ocrx_word' id='word_1_1' title='bbox 857 535 898 599; x_wconf 73' lang='lat'>14</span> 
     </span>
    </p>
   </div>
   <div class='ocr_carea' id='block_1_2' title="bbox 287 712 1457 1368">
    <p class='ocr_par' dir='ltr' id='par_1_2' title="bbox 287 712 1457 1368">
     <span class='ocr_line' id='line_1_2' title="bbox 289 712 1456 804; baseline 0.007 -28"><span class='ocrx_word' id='word_1_2' title='bbox 289 712 386 779; x_wconf 90' lang='lat' dir='ltr'>laedi.</span> <span class='ocrx_word' id='word_1_3' title='bbox 412 735 455 778; x_wconf 84' lang='lat' dir='ltr'>cx</span> <span class='ocrx_word' id='word_1_4' title='bbox 478 714 569 779; x_wconf 87' lang='lat' dir='ltr'>illius</span> <span class='ocrx_word' id='word_1_5' title='bbox 592 713 736 799; x_wconf 90' lang='lat' dir='ltr'>imperio</span> <span class='ocrx_word' id='word_1_6' title='bbox 759 718 896 798; x_wconf 86' lang='lat' dir='ltr'>paratae</span> <span class='ocrx_word' id='word_1_7' title='bbox 912 712 980 777; x_wconf 88' lang='lat' dir='ltr'>sint</span> <span class='ocrx_word' id='word_1_8' title='bbox 991 713 1141 781; x_wconf 90' lang='lat' dir='ltr'>iuvantis</span> <span class='ocrx_word' id='word_1_9' title='bbox 1154 717 1315 782; x_wconf 85' lang='grc'><strong>1111111”</strong></span> <span class='ocrx_word' id='word_1_10' title='bbox 1333 716 1357 804; x_wconf 91' lang='lat'>¹)</span> <span class='ocrx_word' id='word_1_11' title='bbox 1380 718 1456 784; x_wconf 86' lang='lat' dir='ltr'>Alio</span> 
     </span>
     <span class='ocr_line' id='line_1_3' title="bbox 287 824 1456 904; baseline 0.007 -15"><span class='ocrx_word' id='word_1_12' title='bbox 287 824 361 891; x_wconf 89' lang='lat' dir='ltr'>ioco</span> <span class='ocrx_word' id='word_1_13' title='bbox 395 826 488 891; x_wconf 92' lang='lat' dir='ltr'>idem</span> <span class='ocrx_word' id='word_1_14' title='bbox 523 827 650 892; x_wconf 80' lang='lat' dir='ltr'>Seneca</span> <span class='ocrx_word' id='word_1_15' title='bbox 687 825 815 890; x_wconf 76' lang='lat' dir='ltr'><strong>scribit:</strong></span> <span class='ocrx_word' id='word_1_16' title='bbox 862 824 978 904; x_wconf 83' lang='lat' dir='ltr'>„Servi</span> <span class='ocrx_word' id='word_1_17' title='bbox 1001 828 1112 892; x_wconf 81' lang='lat' dir='ltr'>sunt&#39;.</span> <span class='ocrx_word' id='word_1_18' title='bbox 1152 829 1258 896; x_wconf 91' lang='lat' dir='ltr'>immo</span> <span class='ocrx_word' id='word_1_19' title='bbox 1291 830 1456 898; x_wconf 79' lang='lat' dir='ltr'>homines,</span> 
     </span>
     <span class='ocr_line' id='line_1_4' title="bbox 291 936 1456 1017; baseline 0.005 -15"><span class='ocrx_word' id='word_1_20' title='bbox 291 939 398 1017; x_wconf 82' lang='lat' dir='ltr'>„servi</span> <span class='ocrx_word' id='word_1_21' title='bbox 421 939 533 1004; x_wconf 90' lang='lat' dir='ltr'>sunt&#39;&#39;.</span> <span class='ocrx_word' id='word_1_22' title='bbox 557 939 665 1004; x_wconf 93' lang='lat' dir='ltr'>immo</span> <span class='ocrx_word' id='word_1_23' title='bbox 696 936 966 1004; x_wconf 87' lang='lat' dir='ltr'>contubernales.</span> <span class='ocrx_word' id='word_1_24' title='bbox 995 940 1105 1017; x_wconf 84' lang='lat' dir='ltr'>„servi</span> <span class='ocrx_word' id='word_1_25' title='bbox 1128 943 1240 1007; x_wconf 89' lang='lat' dir='ltr'>sunt&#39;&#39;.</span> <span class='ocrx_word' id='word_1_26' title='bbox 1264 942 1372 1008; x_wconf 91' lang='lat' dir='ltr'>immo</span> <span class='ocrx_word' id='word_1_27' title='bbox 1395 944 1456 1008; x_wconf 91' lang='lat' dir='ltr'>hu-</span> 
     </span>
     <span class='ocr_line' id='line_1_5' title="bbox 287 1050 1457 1141; baseline 0.004 -25"><span class='ocrx_word' id='word_1_28' title='bbox 287 1050 385 1116; x_wconf 82' lang='lat' dir='ltr'>miles</span> <span class='ocrx_word' id='word_1_29' title='bbox 420 1051 532 1117; x_wconf 87' lang='lat' dir='ltr'>amici.</span> <span class='ocrx_word' id='word_1_30' title='bbox 571 1051 679 1132; x_wconf 82' lang='lat' dir='ltr'>„servi</span> <span class='ocrx_word' id='word_1_31' title='bbox 713 1051 824 1115; x_wconf 84' lang='lat' dir='ltr'>sunt&#39;&#39;.</span> <span class='ocrx_word' id='word_1_32' title='bbox 861 1050 968 1115; x_wconf 88' lang='lat' dir='ltr'>immo</span> <span class='ocrx_word' id='word_1_33' title='bbox 1003 1055 1170 1120; x_wconf 91' lang='lat' dir='ltr'>conservi:</span> <span class='ocrx_word' id='word_1_34' title='bbox 1207 1057 1234 1121; x_wconf 88' lang='lat' dir='ltr'>si</span> <span class='ocrx_word' id='word_1_35' title='bbox 1258 1055 1457 1141; x_wconf 77' lang='lat' dir='ltr'>cogitaveris</span> 
     </span>
     <span class='ocr_line' id='line_1_6' title="bbox 287 1162 1456 1254; baseline 0.006 -27"><span class='ocrx_word' id='word_1_36' title='bbox 287 1164 504 1229; x_wconf 76' lang='lat' dir='ltr'>tantumdem</span> <span class='ocrx_word' id='word_1_37' title='bbox 537 1164 575 1228; x_wconf 87' lang='lat' dir='ltr'>in</span> <span class='ocrx_word' id='word_1_38' title='bbox 609 1171 769 1250; x_wconf 90' lang='lat' dir='ltr'>utrosque</span> <span class='ocrx_word' id='word_1_39' title='bbox 803 1162 904 1229; x_wconf 90' lang='lat' dir='ltr'>licere</span> <span class='ocrx_word' id='word_1_40' title='bbox 930 1163 1117 1230; x_wconf 81' lang='lat' dir='ltr'>fortunae.&#39;&#39;</span> <span class='ocrx_word' id='word_1_41' title='bbox 1143 1165 1169 1253; x_wconf 63' lang='grc'>2)</span> <span class='ocrx_word' id='word_1_42' title='bbox 1215 1167 1330 1254; x_wconf 89' lang='lat' dir='ltr'>Atque</span> <span class='ocrx_word' id='word_1_43' title='bbox 1355 1171 1456 1234; x_wconf 87' lang='lat' dir='ltr'>etiam</span> 
     </span>
     <span class='ocr_line' id='line_1_7' title="bbox 287 1276 1457 1368; baseline 0.006 -27"><span class='ocrx_word' id='word_1_44' title='bbox 287 1277 331 1341; x_wconf 88' lang='lat' dir='ltr'>ad</span> <span class='ocrx_word' id='word_1_45' title='bbox 363 1278 446 1342; x_wconf 90' lang='lat' dir='ltr'>iuris</span> <span class='ocrx_word' id='word_1_46' title='bbox 469 1277 659 1343; x_wconf 77' lang='lat' dir='ltr'>doctrinam</span> <span class='ocrx_word' id='word_1_47' title='bbox 682 1277 766 1342; x_wconf 89' lang='lat' dir='ltr'>haec</span> <span class='ocrx_word' id='word_1_48' title='bbox 786 1276 977 1342; x_wconf 82' lang='lat' dir='ltr'>Stoicorum</span> <span class='ocrx_word' id='word_1_49' title='bbox 999 1286 1179 1365; x_wconf 88' lang='lat' dir='ltr'>praecepta</span> <span class='ocrx_word' id='word_1_50' title='bbox 1202 1281 1361 1346; x_wconf 91' lang='lat' dir='ltr'>nonnihil</span> <span class='ocrx_word' id='word_1_51' title='bbox 1385 1304 1457 1368; x_wconf 88' lang='lat' dir='ltr'>per·</span> 
     </span>
    </p>
   </div>
   <div class='ocr_carea' id='block_1_3' title="bbox 187 1389 1456 1481">
    <p class='ocr_par' dir='ltr' id='par_1_3' title="bbox 187 1389 1456 1481">
     <span class='ocr_line' id='line_1_8' title="bbox 187 1389 1456 1481; baseline 0.005 -27"><span class='ocrx_word' id='word_1_52' title='bbox 187 1469 190 1474; x_wconf 34' lang='grc'><strong>,</strong></span> <span class='ocrx_word' id='word_1_53' title='bbox 286 1389 450 1455; x_wconf 88' lang='lat' dir='ltr'>tinebant.</span> <span class='ocrx_word' id='word_1_54' title='bbox 498 1389 662 1456; x_wconf 89' lang='lat' dir='ltr'>Proculus</span> <span class='ocrx_word' id='word_1_55' title='bbox 704 1389 797 1454; x_wconf 91' lang='lat' dir='ltr'>enim</span> <span class='ocrx_word' id='word_1_56' title='bbox 831 1389 868 1453; x_wconf 90' lang='lat' dir='ltr'>in</span> <span class='ocrx_word' id='word_1_57' title='bbox 903 1390 1066 1474; x_wconf 86' lang='lat' dir='ltr'>Digestis:</span> <span class='ocrx_word' id='word_1_58' title='bbox 1119 1414 1208 1471; x_wconf 90' lang='lat' dir='ltr'>„non</span> <span class='ocrx_word' id='word_1_59' title='bbox 1242 1400 1359 1459; x_wconf 90' lang='lat' dir='ltr'>tamen</span> <span class='ocrx_word' id='word_1_60' title='bbox 1387 1417 1456 1481; x_wconf 91' lang='lat' dir='ltr'>spe·</span> 
     </span>
    </p>
   </div>
   <div class='ocr_carea' id='block_1_4' title="bbox 283 1504 1454 2496">
    <p class='ocr_par' dir='ltr' id='par_1_4' title="bbox 283 1504 1454 2496">
     <span class='ocr_line' id='line_1_9' title="bbox 287 1504 1454 1593; baseline 0.003 -25"><span class='ocrx_word' id='word_1_61' title='bbox 287 1504 451 1569; x_wconf 88' lang='lat' dir='ltr'>ctandum</span> <span class='ocrx_word' id='word_1_62' title='bbox 473 1511 531 1585; x_wconf 91' lang='lat' dir='ltr'>est,</span> <span class='ocrx_word' id='word_1_63' title='bbox 557 1504 641 1590; x_wconf 90' lang='lat' dir='ltr'>quid</span> <span class='ocrx_word' id='word_1_64' title='bbox 663 1504 793 1569; x_wconf 79' lang='lat' dir='ltr'>Itomae</span> <span class='ocrx_word' id='word_1_65' title='bbox 816 1504 1014 1568; x_wconf 83' lang='lat' dir='ltr'>factumest</span> <span class='ocrx_word' id='word_1_66' title='bbox 1037 1504 1134 1591; x_wconf 85' lang='grc'><strong>(1111),</strong></span> <span class='ocrx_word' id='word_1_67' title='bbox 1161 1528 1265 1592; x_wconf 88' lang='lat' dir='ltr'>quam</span> <span class='ocrx_word' id='word_1_68' title='bbox 1287 1508 1371 1593; x_wconf 88' lang='lat' dir='ltr'>quid</span> <span class='ocrx_word' id='word_1_69' title='bbox 1382 1508 1454 1574; x_wconf 91' lang='lat' dir='ltr'>fieri</span> 
     </span>
     <span class='ocr_line' id='line_1_10' title="bbox 286 1615 1452 1704; baseline 0.004 -23"><span class='ocrx_word' id='word_1_70' title='bbox 286 1615 437 1683; x_wconf 89' lang='lat' dir='ltr'>debeat.&#39;&#39;</span> <span class='ocrx_word' id='word_1_71' title='bbox 462 1615 488 1704; x_wconf 73' lang='grc'>1)</span> <span class='ocrx_word' id='word_1_72' title='bbox 534 1618 579 1682; x_wconf 83' lang='grc'>111</span> <span class='ocrx_word' id='word_1_73' title='bbox 610 1616 780 1702; x_wconf 89' lang='lat' dir='ltr'>Ulpianus</span> <span class='ocrx_word' id='word_1_74' title='bbox 804 1616 847 1704; x_wconf 76' lang='lat'>*):</span> <span class='ocrx_word' id='word_1_75' title='bbox 888 1616 1009 1696; x_wconf 74' lang='lat' dir='ltr'>„Quod</span> <span class='ocrx_word' id='word_1_76' title='bbox 1044 1618 1166 1684; x_wconf 89' lang='lat' dir='ltr'>attinet</span> <span class='ocrx_word' id='word_1_77' title='bbox 1201 1619 1321 1685; x_wconf 87' lang='lat' dir='ltr'>adius</span> <span class='ocrx_word' id='word_1_78' title='bbox 1345 1621 1452 1701; x_wconf 85' lang='lat' dir='ltr'>civile,</span> 
     </span>
     <span class='ocr_line' id='line_1_11' title="bbox 283 1730 1453 1820; baseline 0.002 -24"><span class='ocrx_word' id='word_1_79' title='bbox 283 1731 374 1802; x_wconf 84' lang='lat' dir='ltr'>servi</span> <span class='ocrx_word' id='word_1_80' title='bbox 396 1751 458 1816; x_wconf 93' lang='lat' dir='ltr'>pro</span> <span class='ocrx_word' id='word_1_81' title='bbox 481 1730 585 1796; x_wconf 88' lang='grc'><strong>111111</strong></span> <span class='ocrx_word' id='word_1_82' title='bbox 608 1730 792 1796; x_wconf 85' lang='lat' dir='ltr'>habentur:</span> <span class='ocrx_word' id='word_1_83' title='bbox 818 1735 1030 1795; x_wconf 90' lang='lat' dir='ltr'>nontamen</span> <span class='ocrx_word' id='word_1_84' title='bbox 1053 1737 1086 1796; x_wconf 92' lang='lat' dir='ltr'>et</span> <span class='ocrx_word' id='word_1_85' title='bbox 1109 1731 1183 1797; x_wconf 84' lang='lat' dir='ltr'>iure</span> <span class='ocrx_word' id='word_1_86' title='bbox 1201 1732 1359 1814; x_wconf 88' lang='lat' dir='ltr'>naturali,</span> <span class='ocrx_word' id='word_1_87' title='bbox 1375 1735 1453 1820; x_wconf 92' lang='lat' dir='ltr'>quia</span> 
     </span>
     <span class='ocr_line' id='line_1_12' title="bbox 287 1843 1451 1931; baseline 0.003 -23"><span class='ocrx_word' id='word_1_88' title='bbox 287 1843 378 1930; x_wconf 93' lang='lat' dir='ltr'>quod</span> <span class='ocrx_word' id='word_1_89' title='bbox 401 1844 445 1909; x_wconf 88' lang='lat' dir='ltr'>ad</span> <span class='ocrx_word' id='word_1_90' title='bbox 467 1845 521 1910; x_wconf 89' lang='lat' dir='ltr'>ius</span> <span class='ocrx_word' id='word_1_91' title='bbox 542 1843 697 1909; x_wconf 87' lang='lat' dir='ltr'>naturale</span> <span class='ocrx_word' id='word_1_92' title='bbox 721 1843 850 1923; x_wconf 87' lang='lat' dir='ltr'>attinet,</span> <span class='ocrx_word' id='word_1_93' title='bbox 872 1863 990 1907; x_wconf 89' lang='lat' dir='ltr'>omnes</span> <span class='ocrx_word' id='word_1_94' title='bbox 1003 1843 1160 1910; x_wconf 89' lang='lat' dir='ltr'>homines</span> <span class='ocrx_word' id='word_1_95' title='bbox 1172 1844 1332 1931; x_wconf 83' lang='lat' dir='ltr'>aequales</span> <span class='ocrx_word' id='word_1_96' title='bbox 1343 1847 1451 1911; x_wconf 91' lang='lat' dir='ltr'>sunt.&#39;&#39;</span> 
     </span>
     <span class='ocr_line' id='line_1_13' title="bbox 287 1955 1454 2044; baseline 0.002 -22"><span class='ocrx_word' id='word_1_97' title='bbox 287 1957 387 2022; x_wconf 86' lang='lat' dir='ltr'>Credi</span> <span class='ocrx_word' id='word_1_98' title='bbox 409 1957 489 2023; x_wconf 88' lang='lat' dir='ltr'>licet</span> <span class='ocrx_word' id='word_1_99' title='bbox 508 1958 622 2023; x_wconf 90' lang='lat' dir='ltr'>Deum</span> <span class='ocrx_word' id='word_1_100' title='bbox 633 1957 769 2021; x_wconf 88' lang='lat' dir='ltr'>infinita</span> <span class='ocrx_word' id='word_1_101' title='bbox 782 1978 842 2020; x_wconf 90' lang='lat' dir='ltr'>sua</span> <span class='ocrx_word' id='word_1_102' title='bbox 855 1955 1023 2042; x_wconf 87' lang='lat' dir='ltr'>sapientia</span> <span class='ocrx_word' id='word_1_103' title='bbox 1034 1957 1082 2022; x_wconf 90' lang='grc'>111</span> <span class='ocrx_word' id='word_1_104' title='bbox 1095 1957 1309 2023; x_wconf 80' lang='lat' dir='ltr'>Christianae</span> <span class='ocrx_word' id='word_1_105' title='bbox 1323 1957 1454 2044; x_wconf 87' lang='lat' dir='ltr'>religio·</span> 
     </span>
     <span class='ocr_line' id='line_1_14' title="bbox 286 2069 1454 2157; baseline 0.002 -23"><span class='ocrx_word' id='word_1_106' title='bbox 286 2071 323 2135; x_wconf 96' lang='lat' dir='ltr'>ni</span> <span class='ocrx_word' id='word_1_107' title='bbox 346 2071 440 2138; x_wconf 79' lang='lat' dir='ltr'>viam</span> <span class='ocrx_word' id='word_1_108' title='bbox 461 2072 655 2157; x_wconf 86' lang='lat' dir='ltr'>patefecisse</span> <span class='ocrx_word' id='word_1_109' title='bbox 682 2069 714 2156; x_wconf 71' lang='grc' dir='ltr'>ᾗ),</span> <span class='ocrx_word' id='word_1_110' title='bbox 741 2069 898 2156; x_wconf 86' lang='lat' dir='ltr'>quamvis</span> <span class='ocrx_word' id='word_1_111' title='bbox 921 2069 958 2133; x_wconf 93' lang='lat' dir='ltr'>in</span> <span class='ocrx_word' id='word_1_112' title='bbox 983 2069 1151 2135; x_wconf 88' lang='lat' dir='ltr'>eiusmodi</span> <span class='ocrx_word' id='word_1_113' title='bbox 1163 2069 1263 2136; x_wconf 91' lang='lat' dir='ltr'>rebus</span> <span class='ocrx_word' id='word_1_114' title='bbox 1275 2072 1386 2137; x_wconf 89' lang='lat' dir='ltr'>cautio</span> <span class='ocrx_word' id='word_1_115' title='bbox 1399 2072 1454 2136; x_wconf 88' lang='lat' dir='ltr'>ad-</span> 
     </span>
     <span class='ocr_line' id='line_1_15' title="bbox 287 2180 1451 2271; baseline 0.001 -23"><span class='ocrx_word' id='word_1_116' title='bbox 287 2183 437 2248; x_wconf 86' lang='lat' dir='ltr'>hibenda</span> <span class='ocrx_word' id='word_1_117' title='bbox 452 2184 503 2264; x_wconf 87' lang='lat' dir='ltr'>sit,</span> <span class='ocrx_word' id='word_1_118' title='bbox 518 2206 597 2250; x_wconf 90' lang='lat' dir='ltr'>cum</span> <span class='ocrx_word' id='word_1_119' title='bbox 609 2185 681 2248; x_wconf 92' lang='lat' dir='ltr'>iure</span> <span class='ocrx_word' id='word_1_120' title='bbox 695 2204 755 2248; x_wconf 92' lang='lat' dir='ltr'>suo</span> <span class='ocrx_word' id='word_1_121' title='bbox 769 2189 906 2247; x_wconf 92' lang='lat' dir='ltr'>moneat</span> <span class='ocrx_word' id='word_1_122' title='bbox 918 2182 1063 2248; x_wconf 90' lang='lat' dir='ltr'>Boissier</span> <span class='ocrx_word' id='word_1_123' title='bbox 1075 2180 1100 2270; x_wconf 78' lang='grc'>6)</span> <span class='ocrx_word' id='word_1_124' title='bbox 1116 2205 1214 2270; x_wconf 89' lang='lat' dir='ltr'>saepe</span> <span class='ocrx_word' id='word_1_125' title='bbox 1228 2204 1296 2269; x_wconf 94' lang='lat' dir='ltr'>quo</span> <span class='ocrx_word' id='word_1_126' title='bbox 1309 2185 1451 2271; x_wconf 87' lang='lat' dir='ltr'>quisque</span> 
     </span>
     <span class='ocr_line' id='line_1_16' title="bbox 287 2295 1452 2381; baseline 0.001 -19"><span class='ocrx_word' id='word_1_127' title='bbox 287 2319 307 2362; x_wconf 89' lang='lat' dir='ltr'>a</span> <span class='ocrx_word' id='word_1_128' title='bbox 339 2297 531 2362; x_wconf 88' lang='lat' dir='ltr'>Christiana</span> <span class='ocrx_word' id='word_1_129' title='bbox 566 2297 719 2362; x_wconf 87' lang='lat' dir='ltr'>doctrina</span> <span class='ocrx_word' id='word_1_130' title='bbox 753 2295 909 2381; x_wconf 85' lang='lat' dir='ltr'>proxime</span> <span class='ocrx_word' id='word_1_131' title='bbox 937 2295 1051 2360; x_wconf 89' lang='lat' dir='ltr'>abesse</span> <span class='ocrx_word' id='word_1_132' title='bbox 1086 2296 1253 2377; x_wconf 88' lang='lat' dir='ltr'>videatur,</span> <span class='ocrx_word' id='word_1_133' title='bbox 1289 2297 1337 2362; x_wconf 89' lang='grc'>111</span> <span class='ocrx_word' id='word_1_134' title='bbox 1367 2298 1452 2364; x_wconf 89' lang='lat' dir='ltr'>diffi-</span> 
     </span>
     <span class='ocr_line' id='line_1_17' title="bbox 287 2407 1450 2496; baseline 0.001 -20"><span class='ocrx_word' id='word_1_135' title='bbox 287 2409 412 2476; x_wconf 85' lang='lat' dir='ltr'>cillime</span> <span class='ocrx_word' id='word_1_136' title='bbox 447 2432 527 2475; x_wconf 91' lang='lat' dir='ltr'>eum</span> <span class='ocrx_word' id='word_1_137' title='bbox 561 2408 657 2474; x_wconf 85' lang='lat' dir='ltr'>iiiam</span> <span class='ocrx_word' id='word_1_138' title='bbox 691 2409 882 2474; x_wconf 88' lang='lat' dir='ltr'>doctrinam</span> <span class='ocrx_word' id='word_1_139' title='bbox 918 2407 1087 2494; x_wconf 86' lang='lat' dir='ltr'>amplecti.</span> <span class='ocrx_word' id='word_1_140' title='bbox 1134 2409 1310 2496; x_wconf 76' lang='lat' dir='ltr'>Quicquid</span> <span class='ocrx_word' id='word_1_141' title='bbox 1332 2410 1369 2475; x_wconf 89' lang='lat' dir='ltr'>id</span> <span class='ocrx_word' id='word_1_142' title='bbox 1392 2419 1450 2492; x_wconf 89' lang='lat' dir='ltr'>est,</span> 
     </span>
    </p>
   </div>
   <div class='ocr_carea' id='block_1_5' title="bbox 285 2521 1454 2817">
    <p class='ocr_par' dir='ltr' id='par_1_5' title="bbox 285 2521 1454 2817">
     <span class='ocr_line' id='line_1_18' title="bbox 286 2521 1452 2610; baseline 0 -20"><span class='ocrx_word' id='word_1_143' title='bbox 286 2525 356 2590; x_wconf 88' lang='lat' dir='ltr'>iam</span> <span class='ocrx_word' id='word_1_144' title='bbox 383 2523 558 2610; x_wconf 87' lang='lat' dir='ltr'>aliquanto</span> <span class='ocrx_word' id='word_1_145' title='bbox 582 2529 659 2588; x_wconf 89' lang='lat' dir='ltr'>ante</span> <span class='ocrx_word' id='word_1_146' title='bbox 684 2543 789 2608; x_wconf 90' lang='lat' dir='ltr'>quam</span> <span class='ocrx_word' id='word_1_147' title='bbox 812 2521 1025 2587; x_wconf 83' lang='lat' dir='ltr'>Christianus</span> <span class='ocrx_word' id='word_1_148' title='bbox 1048 2523 1132 2587; x_wconf 91' lang='lat' dir='ltr'>ritus</span> <span class='ocrx_word' id='word_1_149' title='bbox 1156 2523 1356 2608; x_wconf 87' lang='lat' dir='ltr'>praevaluit,</span> <span class='ocrx_word' id='word_1_150' title='bbox 1381 2525 1452 2610; x_wconf 88' lang='lat' dir='ltr'>ipse</span> 
     </span>
     <span class='ocr_line' id='line_1_19' title="bbox 287 2635 1453 2704; baseline 0 0"><span class='ocrx_word' id='word_1_151' title='bbox 287 2658 403 2704; x_wconf 90' lang='lat' dir='ltr'>sensus</span> <span class='ocrx_word' id='word_1_152' title='bbox 437 2636 649 2702; x_wconf 85' lang='lat' dir='ltr'>Christianus</span> <span class='ocrx_word' id='word_1_153' title='bbox 683 2635 833 2700; x_wconf 87' lang='lat' dir='ltr'>multum</span> <span class='ocrx_word' id='word_1_154' title='bbox 867 2635 1012 2700; x_wconf 86' lang='lat' dir='ltr'>contulit</span> <span class='ocrx_word' id='word_1_155' title='bbox 1047 2635 1091 2700; x_wconf 87' lang='lat' dir='ltr'>ad</span> <span class='ocrx_word' id='word_1_156' title='bbox 1114 2635 1298 2700; x_wconf 89' lang='lat' dir='ltr'>hominum</span> <span class='ocrx_word' id='word_1_157' title='bbox 1321 2644 1453 2704; x_wconf 88' lang='lat' dir='ltr'>mentes</span> 
     </span>
     <span class='ocr_line' id='line_1_20' title="bbox 285 2748 1454 2817; baseline 0.001 -1"><span class='ocrx_word' id='word_1_158' title='bbox 285 2752 384 2816; x_wconf 88' lang='lat' dir='ltr'>mites</span> <span class='ocrx_word' id='word_1_159' title='bbox 416 2757 450 2816; x_wconf 89' lang='grc'>11</span> <span class='ocrx_word' id='word_1_160' title='bbox 476 2756 669 2816; x_wconf 86' lang='lat' dir='ltr'>mansuetas</span> <span class='ocrx_word' id='word_1_161' title='bbox 703 2749 882 2814; x_wconf 81' lang='lat' dir='ltr'>faciendas.</span> <span class='ocrx_word' id='word_1_162' title='bbox 929 2749 972 2813; x_wconf 82' lang='lat' dir='ltr'>in</span> <span class='ocrx_word' id='word_1_163' title='bbox 1005 2748 1040 2813; x_wconf 92' lang='lat' dir='ltr'>id</span> <span class='ocrx_word' id='word_1_164' title='bbox 1063 2748 1238 2814; x_wconf 89' lang='lat' dir='ltr'>saeculum</span> <span class='ocrx_word' id='word_1_165' title='bbox 1261 2755 1377 2816; x_wconf 87' lang='lat' dir='ltr'>autem</span> <span class='ocrx_word' id='word_1_166' title='bbox 1400 2774 1454 2817; x_wconf 83' lang='lat' dir='ltr'>ca·</span> 
     </span>
    </p>
   </div>
   <div class='ocr_carea' id='block_1_6' title="bbox 284 2861 1454 3631">
    <p class='ocr_par' dir='ltr' id='par_1_6' title="bbox 284 2861 1454 3631">
     <span class='ocr_line' id='line_1_21' title="bbox 286 2861 1454 2949; baseline 0 -19"><span class='ocrx_word' id='word_1_167' title='bbox 286 2866 374 2930; x_wconf 88' lang='lat' dir='ltr'>dunt</span> <span class='ocrx_word' id='word_1_168' title='bbox 407 2863 579 2944; x_wconf 89' lang='lat' dir='ltr'>alimenta,</span> <span class='ocrx_word' id='word_1_169' title='bbox 616 2884 702 2948; x_wconf 89' lang='lat' dir='ltr'>quae</span> <span class='ocrx_word' id='word_1_170' title='bbox 739 2862 896 2949; x_wconf 90' lang='lat' dir='ltr'>quamvis</span> <span class='ocrx_word' id='word_1_171' title='bbox 919 2862 962 2927; x_wconf 89' lang='lat' dir='ltr'>ad</span> <span class='ocrx_word' id='word_1_172' title='bbox 985 2862 1034 2926; x_wconf 88' lang='lat' dir='ltr'>rei</span> <span class='ocrx_word' id='word_1_173' title='bbox 1056 2861 1212 2947; x_wconf 87' lang='lat' dir='ltr'>publicae</span> <span class='ocrx_word' id='word_1_174' title='bbox 1236 2865 1454 2949; x_wconf 91' lang='lat' dir='ltr'>potissimum</span> 
     </span>
     <span class='ocr_line' id='line_1_22' title="bbox 286 2975 1452 3062; baseline -0.001 -18"><span class='ocrx_word' id='word_1_175' title='bbox 286 2979 434 3044; x_wconf 86' lang='lat' dir='ltr'>rationes</span> <span class='ocrx_word' id='word_1_176' title='bbox 468 2977 645 3043; x_wconf 79' lang='lat' dir='ltr'>referenda</span> <span class='ocrx_word' id='word_1_177' title='bbox 679 2997 749 3040; x_wconf 86' lang='lat' dir='ltr'>esse</span> <span class='ocrx_word' id='word_1_178' title='bbox 773 2975 932 3056; x_wconf 72' lang='lat' dir='ltr'>vidimus</span> <span class='ocrx_word' id='word_1_179' title='bbox 958 2982 1074 3040; x_wconf 89' lang='lat' dir='ltr'>tamen</span> <span class='ocrx_word' id='word_1_180' title='bbox 1099 2997 1142 3040; x_wconf 87' lang='lat' dir='ltr'>ex</span> <span class='ocrx_word' id='word_1_181' title='bbox 1166 2977 1317 3062; x_wconf 89' lang='lat' dir='ltr'>quadam</span> <span class='ocrx_word' id='word_1_182' title='bbox 1341 2980 1452 3045; x_wconf 74' lang='lat' dir='ltr'>suavi-</span> 
     </span>
     <span class='ocr_line' id='line_1_23' title="bbox 285 3074 1451 3179; baseline -0.002 -21"><span class='ocrx_word' id='word_1_183' title='bbox 285 3098 353 3158; x_wconf 86' lang='lat' dir='ltr'>tate</span> <span class='ocrx_word' id='word_1_184' title='bbox 390 3113 525 3179; x_wconf 92' lang='lat' dir='ltr'>quoque</span> <span class='ocrx_word' id='word_1_185' title='bbox 554 3089 784 3163; x_wconf 64' lang='lat' dir='ltr'>,humanitatis</span> <span class='ocrx_word' id='word_1_186' title='bbox 808 3074 1037 3154; x_wconf 90' lang='lat' dir='ltr'>effloruerunt.</span> <span class='ocrx_word' id='word_1_187' title='bbox 1085 3089 1126 3153; x_wconf 84' lang='lat' dir='ltr'>Id</span> <span class='ocrx_word' id='word_1_188' title='bbox 1149 3089 1220 3153; x_wconf 87' lang='lat' dir='ltr'>iam</span> <span class='ocrx_word' id='word_1_189' title='bbox 1243 3090 1323 3156; x_wconf 92' lang='lat' dir='ltr'>inde</span> <span class='ocrx_word' id='word_1_190' title='bbox 1348 3098 1451 3177; x_wconf 89' lang='lat' dir='ltr'>patet,</span> 
     </span>
     <span class='ocr_line' id='line_1_24' title="bbox 287 3201 1450 3292; baseline -0.001 -21"><span class='ocrx_word' id='word_1_191' title='bbox 287 3206 379 3292; x_wconf 92' lang='lat' dir='ltr'>quod</span> <span class='ocrx_word' id='word_1_192' title='bbox 401 3227 472 3271; x_wconf 91' lang='lat' dir='ltr'>non</span> <span class='ocrx_word' id='word_1_193' title='bbox 495 3203 606 3270; x_wconf 91' lang='lat' dir='ltr'>solum</span> <span class='ocrx_word' id='word_1_194' title='bbox 629 3203 736 3289; x_wconf 87' lang='lat' dir='ltr'>pueri,</span> <span class='ocrx_word' id='word_1_195' title='bbox 760 3224 882 3268; x_wconf 89' lang='lat' dir='ltr'>verum</span> <span class='ocrx_word' id='word_1_196' title='bbox 905 3202 1009 3267; x_wconf 89' lang='lat' dir='ltr'>etiam</span> <span class='ocrx_word' id='word_1_197' title='bbox 1025 3201 1157 3288; x_wconf 87' lang='lat' dir='ltr'>puellae</span> <span class='ocrx_word' id='word_1_198' title='bbox 1171 3202 1450 3289; x_wconf 88' lang='lat' dir='ltr'>respiciebantur,</span> 
     </span>
     <span class='ocr_line' id='line_1_25' title="bbox 287 3315 1452 3407; baseline -0.003 -22"><span class='ocrx_word' id='word_1_199' title='bbox 287 3320 447 3407; x_wconf 90' lang='lat' dir='ltr'>quodque</span> <span class='ocrx_word' id='word_1_200' title='bbox 482 3317 608 3404; x_wconf 87' lang='lat' dir='ltr'>privati</span> <span class='ocrx_word' id='word_1_201' title='bbox 639 3317 676 3380; x_wconf 91' lang='lat' dir='ltr'>in</span> <span class='ocrx_word' id='word_1_202' title='bbox 710 3315 813 3380; x_wconf 89' lang='lat' dir='ltr'>simili</span> <span class='ocrx_word' id='word_1_203' title='bbox 848 3315 1083 3381; x_wconf 88' lang='lat' dir='ltr'>munificentia</span> <span class='ocrx_word' id='word_1_204' title='bbox 1119 3317 1241 3381; x_wconf 88' lang='lat' dir='ltr'>versati</span> <span class='ocrx_word' id='word_1_205' title='bbox 1272 3323 1361 3382; x_wconf 91' lang='lat' dir='ltr'>sunt.</span> <span class='ocrx_word' id='word_1_206' title='bbox 1411 3321 1452 3385; x_wconf 90' lang='grc'>11</span> 
     </span>
     <span class='ocr_line' id='line_1_26' title="bbox 284 3428 1451 3518; baseline 0 -20"><span class='ocrx_word' id='word_1_207' title='bbox 284 3434 377 3518; x_wconf 85' lang='lat' dir='ltr'>idem</span> <span class='ocrx_word' id='word_1_208' title='bbox 411 3431 586 3498; x_wconf 85' lang='lat' dir='ltr'>saeculum</span> <span class='ocrx_word' id='word_1_209' title='bbox 620 3430 747 3495; x_wconf 87' lang='lat' dir='ltr'>cadunt</span> <span class='ocrx_word' id='word_1_210' title='bbox 780 3430 892 3496; x_wconf 88' lang='lat' dir='ltr'>variae</span> <span class='ocrx_word' id='word_1_211' title='bbox 911 3428 1143 3509; x_wconf 70' lang='lat' dir='ltr'>&#39;liberalitates</span> <span class='ocrx_word' id='word_1_212' title='bbox 1170 3451 1256 3515; x_wconf 90' lang='lat' dir='ltr'>quae</span> <span class='ocrx_word' id='word_1_213' title='bbox 1280 3429 1451 3516; x_wconf 72' lang='lat' dir='ltr'>inopibus</span> 
     </span>
     <span class='ocr_line' id='line_1_27' title="bbox 285 3542 1451 3631; baseline -0.002 -19"><span class='ocrx_word' id='word_1_214' title='bbox 285 3546 425 3627; x_wconf 87' lang='lat' dir='ltr'>miseris,</span> <span class='ocrx_word' id='word_1_215' title='bbox 454 3544 641 3631; x_wconf 85' lang='lat' dir='ltr'>peregrinis</span> <span class='ocrx_word' id='word_1_216' title='bbox 675 3542 879 3609; x_wconf 88' lang='lat' dir='ltr'>eveniebant</span> <span class='ocrx_word' id='word_1_217' title='bbox 902 3565 921 3608; x_wconf 89' lang='lat' dir='ltr'>a</span> <span class='ocrx_word' id='word_1_218' title='bbox 944 3543 1085 3628; x_wconf 87' lang='lat' dir='ltr'>privatis</span> <span class='ocrx_word' id='word_1_219' title='bbox 1108 3542 1306 3608; x_wconf 89' lang='lat' dir='ltr'>hominibus</span> <span class='ocrx_word' id='word_1_220' title='bbox 1329 3546 1451 3612; x_wconf 87' lang='lat' dir='ltr'>eadem</span> 
     </span>
    </p>
   </div>
   <div class='ocr_carea' id='block_1_7' title="bbox 283 3659 550 3729">
    <p class='ocr_par' dir='ltr' id='par_1_7' title="bbox 283 3659 550 3729">
     <span class='ocr_line' id='line_1_28' title="bbox 283 3659 550 3729; baseline -0.019 -1"><span class='ocrx_word' id='word_1_221' title='bbox 283 3662 408 3729; x_wconf 87' lang='lat' dir='ltr'>virtute</span> <span class='ocrx_word' id='word_1_222' title='bbox 432 3659 550 3724; x_wconf 87' lang='lat' dir='ltr'>ductis.</span> 
     </span>
    </p>
   </div>
   <div class='ocr_carea' id='block_1_8' title="bbox 315 3845 997 4327">
    <p class='ocr_par' dir='ltr' id='par_1_8' title="bbox 321 3845 865 3911">
     <span class='ocr_line' id='line_1_29' title="bbox 321 3845 865 3911; baseline -0.009 -14"><span class='ocrx_word' id='word_1_223' title='bbox 321 3850 336 3907; x_wconf 89' lang='grc'>1)</span> <span class='ocrx_word' id='word_1_224' title='bbox 352 3849 432 3896; x_wconf 83' lang='lat' dir='ltr'>Senec.</span> <span class='ocrx_word' id='word_1_225' title='bbox 449 3848 495 3911; x_wconf 85' lang='lat' dir='ltr'>Ep.</span> <span class='ocrx_word' id='word_1_226' title='bbox 512 3845 574 3894; x_wconf 88' lang='lat' dir='ltr'>Mor.</span> <span class='ocrx_word' id='word_1_227' title='bbox 592 3845 642 3901; x_wconf 88' lang='lat' dir='ltr'>XV,</span> <span class='ocrx_word' id='word_1_228' title='bbox 661 3862 698 3909; x_wconf 86' lang='lat' dir='ltr'>ep.</span> <span class='ocrx_word' id='word_1_229' title='bbox 716 3845 730 3892; x_wconf 86' lang='grc'><strong>6</strong></span> <span class='ocrx_word' id='word_1_230' title='bbox 749 3845 807 3907; x_wconf 72' lang='grc'><strong>195),</strong></span> <span class='ocrx_word' id='word_1_231' title='bbox 828 3845 865 3893; x_wconf 84' lang='lat'>52.</span> 
     </span>
    </p>

    <p class='ocr_par' dir='ltr' id='par_1_9' title="bbox 316 3928 735 3994">
     <span class='ocr_line' id='line_1_30' title="bbox 316 3928 735 3994; baseline -0.017 -13"><span class='ocrx_word' id='word_1_232' title='bbox 316 3930 335 3990; x_wconf 66' lang='grc'>2)</span> <span class='ocrx_word' id='word_1_233' title='bbox 359 3932 404 3994; x_wconf 81' lang='lat' dir='ltr'>Ep.</span> <span class='ocrx_word' id='word_1_234' title='bbox 422 3929 483 3979; x_wconf 88' lang='lat' dir='ltr'>Mor.</span> <span class='ocrx_word' id='word_1_235' title='bbox 502 3929 531 3986; x_wconf 84' lang='lat' dir='ltr'>V,</span> <span class='ocrx_word' id='word_1_236' title='bbox 546 3945 581 3992; x_wconf 89' lang='lat' dir='ltr'>ep.</span> <span class='ocrx_word' id='word_1_237' title='bbox 601 3929 615 3975; x_wconf 84' lang='lat'>6</span> <span class='ocrx_word' id='word_1_238' title='bbox 634 3928 695 3989; x_wconf 78' lang='lat'>(47),</span> <span class='ocrx_word' id='word_1_239' title='bbox 715 3928 735 3975; x_wconf 94' lang='grc'>1.</span> 
     </span>
    </p>

    <p class='ocr_par' dir='ltr' id='par_1_10' title="bbox 315 4011 571 4076">
     <span class='ocr_line' id='line_1_31' title="bbox 315 4011 571 4076; baseline -0.004 -14"><span class='ocrx_word' id='word_1_240' title='bbox 315 4015 336 4075; x_wconf 80' lang='lat'>³)</span> <span class='ocrx_word' id='word_1_241' title='bbox 362 4013 454 4076; x_wconf 57' lang='grc'><strong>11111,</strong></span> <span class='ocrx_word' id='word_1_242' title='bbox 473 4012 512 4068; x_wconf 88' lang='grc'>18,</span> <span class='ocrx_word' id='word_1_243' title='bbox 532 4011 571 4061; x_wconf 80' lang='lat'>12.</span> 
     </span>
    </p>

    <p class='ocr_par' dir='ltr' id='par_1_11' title="bbox 316 4094 577 4160">
     <span class='ocr_line' id='line_1_32' title="bbox 316 4094 577 4160; baseline -0.008 -14"><span class='ocrx_word' id='word_1_244' title='bbox 316 4099 337 4158; x_wconf 70' lang='grc'>4)</span> <span class='ocrx_word' id='word_1_245' title='bbox 362 4097 418 4160; x_wconf 76' lang='lat' dir='ltr'>Dig.</span> <span class='ocrx_word' id='word_1_246' title='bbox 435 4097 463 4154; x_wconf 85' lang='lat' dir='ltr'>L,</span> <span class='ocrx_word' id='word_1_247' title='bbox 480 4094 519 4152; x_wconf 75' lang='lat'>17,</span> <span class='ocrx_word' id='word_1_248' title='bbox 538 4094 577 4144; x_wconf 75' lang='lat'>32.</span> 
     </span>
    </p>

    <p class='ocr_par' dir='ltr' id='par_1_12' title="bbox 315 4173 997 4327">
     <span class='ocr_line' id='line_1_33' title="bbox 317 4173 997 4240; baseline -0.013 -11"><span class='ocrx_word' id='word_1_249' title='bbox 317 4181 335 4240; x_wconf 77' lang='lat'>⁵)</span> <span class='ocrx_word' id='word_1_250' title='bbox 352 4179 389 4228; x_wconf 83' lang='lat' dir='ltr'>cf.</span> <span class='ocrx_word' id='word_1_251' title='bbox 407 4177 525 4234; x_wconf 84' lang='lat' dir='ltr'>Uhlhorn,</span> <span class='ocrx_word' id='word_1_252' title='bbox 544 4175 642 4225; x_wconf 79' lang='lat' dir='ltr'>Christi.</span> <span class='ocrx_word' id='word_1_253' title='bbox 660 4173 798 4232; x_wconf 59' lang='lat' dir='ltr'>Liebeahfl,</span> <span class='ocrx_word' id='word_1_254' title='bbox 815 4189 866 4238; x_wconf 78' lang='lat' dir='ltr'>psg.</span> <span class='ocrx_word' id='word_1_255' title='bbox 885 4173 916 4225; x_wconf 79' lang='lat'>37</span> <span class='ocrx_word' id='word_1_256' title='bbox 935 4189 997 4236; x_wconf 85' lang='lat' dir='ltr'>seqq.</span> 
     </span>
     <span class='ocr_line' id='line_1_34' title="bbox 315 4258 765 4327; baseline -0.009 -15"><span class='ocrx_word' id='word_1_257' title='bbox 315 4264 334 4327; x_wconf 77' lang='lat'>⁶)</span> <span class='ocrx_word' id='word_1_258' title='bbox 354 4261 433 4326; x_wconf 77' lang='lat' dir='ltr'>Relig.</span> <span class='ocrx_word' id='word_1_259' title='bbox 452 4276 511 4310; x_wconf 88' lang='lat' dir='ltr'>rom.</span> <span class='ocrx_word' id='word_1_260' title='bbox 528 4258 567 4310; x_wconf 75' lang='lat'>11²</span> <span class='ocrx_word' id='word_1_261' title='bbox 583 4274 635 4323; x_wconf 77' lang='lat' dir='ltr'>pag.</span> <span class='ocrx_word' id='word_1_262' title='bbox 653 4259 684 4307; x_wconf 87' lang='grc'>66</span> <span class='ocrx_word' id='word_1_263' title='bbox 702 4273 765 4321; x_wconf 80' lang='lat' dir='ltr'>seqq.</span> 
     </span>
    </p>
   </div>
   <div class='ocr_carea' id='block_1_9' title="bbox 0 0 1566 5126">
    <p class='ocr_par' dir='ltr' id='par_1_13' title="bbox 0 0 1566 5126">
     <span class='ocr_line' id='line_1_35' title="bbox 0 0 1566 5126; baseline 0 0"><span class='ocrx_word' id='word_1_264' title='bbox 0 0 1566 5126; x_wconf 95' lang='lat' dir='ltr'> </span> 
     </span>
    </p>
   </div>
  </div>
 </body>
</html>
