3040 5134
585 641 648 708 187

79 818 259 886 Praeterire
294 817 374 886 nolo
408 818 550 888 obscura
582 819 752 908 quaedem
777 818 881 886 verba
903 818 1025 888 incerti
1049 818 1197 888 auctoris

41 931 76 998 de
107 932 218 999 Nerva
247 932 431 1000 tradentis:
459 933 523 1014 „Et
545 933 788 1000 funeraticium
812 931 904 1020 plebi
929 931 1080 999 urbanae
1104 932 1198 998 insti·

40 1044 98 1110 tuit
126 1045 159 1110 X
182 1044 341 1112 Lxflsr’
365 1043 391 1133 ¹)
436 1046 524 1113 Sunt
547 1047 608 1134 qui
631 1047 715 1114 baec
738 1045 844 1114 verba
866 1045 1133 1134 interpretentur
1155 1044 1197 1112 de

41 1157 174 1224 denariis
207 1158 309 1224 LXII
343 1179 422 1226 cum
456 1160 592 1226 semisse
627 1158 771 1244 singulis
804 1158 935 1240 dandis,
971 1159 1030 1244 qui
1061 1159 1195 1229 Nervae

40 1270 138 1336 lunari
160 1271 314 1338 adfuturi
336 1279 462 1354 essent;
487 1272 546 1339 alii
566 1294 646 1340 vero
669 1273 865 1340 institutum
889 1271 1063 1358 quoddam
1086 1269 1198 1359 publi·

41 1404 109 1449 cnm
140 1384 293 1453 Nervam
323 1386 439 1452 fecisse
463 1385 646 1467 coniciunt,
672 1407 740 1474 quo
763 1385 964 1454 funeratieia
989 1384 1199 1472 pauperibus

41 1496 281 1581 praeberentur,
317 1499 414 1565 cuius
443 1506 558 1567 tamen
583 1505 718 1587 praeter
740 1498 844 1566 allata
864 1498 969 1566 verba
992 1499 1114 1571 incerti
1138 1520 1199 1565 au·

40 1611 129 1678 cteris
150 1610 286 1677 nullum
309 1613 450 1680 omnino
472 1613 655 1699 vestigium
678 1619 798 1680 exstat.
824 1610 849 1691 ²)

78 1724 150 1791 Una
173 1745 254 1792 cum
277 1725 457 1811 congiariis
480 1748 500 1793 a
522 1725 742 1813 scriptoribus
764 1724 869 1792 semel
892 1726 1087 1812 iterumque
1104 1746 1195 1791 com·

39 1845 262 1904 memorantur
306 1839 482 1926 epulae
517 1839 761 1927 publicae.
799 1838 826 1926 ³)
872 1839 1029 1906 Forsitan
1065 1837 1197 1908 dubita·

39 1950 116 2016 vcrit
148 1951 224 2039 quis
247 1951 386 2019 illarum
417 1954 628 2020 mentionem
652 1954 731 2019 hic
754 1953 890 2034 inferre,
916 1959 955 2018 ut
979 1973 1067 2039 quae
1092 1952 1196 2022 etiam

39 2064 136 2149 magis
168 2065 303 2153 privata
339 2087 393 2134 res
426 2073 538 2134 essent
562 2088 667 2155 quam
703 2066 886 2152 congiaria,
907 2086 995 2154 quae
1019 2087 1037 2132 e
1062 2065 1197 2153 private

39 2178 261 2246 munificentia
295 2181 447 2267 profecta
480 2202 549 2248 esse
580 2181 739 2248 vidimus,
786 2179 834 2246 At
860 2201 919 2247 eae
942 2178 1082 2266 quidem
1107 2199 1195 2266 quae

38 2289 73 2354 ab
104 2291 364 2380 imperatoribus
398 2293 577 2374 dabantur,
613 2317 633 2361 a
667 2293 769 2361 rebus
797 2292 942 2380 publicis
963 2314 1034 2360 non
1058 2314 1196 2380 prorsus

38 2410 123 2470 erant
154 2411 312 2474 secretae.
346 2407 373 2494 ⁴)
418 2408 470 2475 Ne
505 2408 567 2474 has
591 2408 732 2496 quidem
754 2407 861 2492 igitur
883 2406 1025 2474 omnino
1050 2413 1197 2494 praeter·

40 2591 219 2604 —

64 2713 82 2772 ι)
112 2714 169 2764 Vide
206 2715 348 2774 Mommsen,
374 2701 439 2765 llber
460 2717 506 2766 den
523 2717 721 2782 chronographos
739 2733 792 2766 rom
818 2716 841 2766 J.
860 2717 909 2765 354
928 2715 945 2764 1.
964 2715 981 2766 l.
999 2730 1052 2781 pag.
1071 2715 1129 2764 543.

63 2795 79 2856 ¹)
109 2798 137 2846 In
162 2798 206 2847 illa
230 2799 342 2863 opinione
368 2803 423 2848 sunt
448 2800 582 2850 Mommsen
609 2800 625 2850 l.
648 2800 665 2849 l.
684 2817 737 2864 pag.
756 2799 804 2848 653
821 2799 875 2848 adn.
895 2798 927 2847 62
945 2802 968 2847 et
984 2796 1094 2856 Schiller‚
1110 2797 1195 2848 Gesch.

36 2876 54 2924 d.
75 2883 127 2930 rdrn.
153 2881 258 2931 Kaiaera.
284 2881 296 2930 I
321 2898 374 2947 pag.
401 2883 457 2941 542,
474 2883 500 2933 in
517 2883 560 2932 lrac
574 2883 678 2942 Hester,
699 2883 789 2932 Annali
807 2881 863 2931 dell'
881 2881 969 2940 Instit,
989 2881 1062 2938 1844,
1079 2897 1132 2945 pag.
1153 2881 1193 2931 ll.

37 2958 73 3008 Pro
82 2964 245 3026 funerationes
262 2964 351 3026 Eckbel
369 2965 415 3029 legi
432 2966 498 3015 iubet
509 2968 667 3031 frumentosa.
685 2967 856 3027 (bertraum.
875 2969 945 3014 veter.
963 2963 996 3012 Vl
1015 2979 1067 3029 pag.
1088 2962 1146 3024 407)

63 3043 80 3104 ³)
109 3046 145 3096 Cf.
163 3047 214 3097 Cic.
231 3047 295 3096 Phil.
312 3048 346 3107 Il,
363 3050 404 3107 45,
417 3049 487 3106 ·116;
504 3049 567 3099 Suet.
585 3049 654 3114 Oalig
682 3049 728 3107 17;
747 3049 837 3097 Domit.
857 3050 880 3097 4.

64 3127 80 3186 ¹)
109 3129 181 3194 llpuli
203 3130 298 3195 publici
318 3147 362 3180 vox
379 3132 405 3180 in
425 3132 466 3181 bec
484 3148 507 3181 re
525 3137 671 3181 momentum
689 3149 735 3181 rron
754 3133 818 3181 facit.
853 3130 890 3179 Ol.
908 3130 987 3194 Mar-q.
1007 3128 1118 3178 Privatl.¹
1139 3146 1193 3194 pag.

39 3207 90 3257 208:
107 3212 234 3277 „Daseelbe
251 3212 380 3263 Verlsbren
398 3215 453 3264 land
470 3217 525 3264 statt
543 3215 579 3264 bei
597 3216 674 3264 einem
692 3216 786 3279 epulum
801 3213 930 3278 pullicum,
948 3213 971 3262 d.
989 3213 1013 3261 h.
1031 3211 1098 3262 nicht
1116 3212 1194 3262 einem

38 3293 71 3339 aul
83 3294 236 3345 Snetslrosten
252 3297 392 3360 gegebenen,
410 3298 510 3347 sonderu
528 3299 644 3347 entweder
661 3314 707 3346 von
725 3298 803 3347 einem
821 3296 958 3360 Magistrata
975 3296 1030 3344 oder
1048 3297 1101 3345 dem
1112 3296 1195 3345 Kaisar

38 3374 82 3423 oder
96 3378 152 3428 such
166 3379 244 3428 einem
259 3380 427 3430 Privatmenne
444 3398 474 3430 an
491 3381 568 3430 einem
585 3381 737 3430 dffentliohen
757 3381 815 3430 Orte
831 3380 867 3442 (iu
881 3379 994 3444 publico),
1009 3395 1029 3428 a.
1047 3379 1075 3428 B.
1093 3380 1135 3428 aul
1142 3380 1194 3428 dem

38 3455 110 3510 lorum
135 3461 318 3512 veranetalteten
347 3464 491 3522 Gastruable,
517 3480 546 3513 an
559 3464 672 3513 walchem
689 3464 807 3512 entweder
823 3464 862 3512 die
879 3479 951 3526 ganse
967 3461 1196 3527 Stadtberblkerung

39 3539 83 3589 oder
102 3545 140 3593 ein
156 3544 227 3594 Theil
244 3545 366 3596 derselben
383 3547 519 3610 eingeladen
536 3546 621 3597 wird.'’
656 3547 740 3596 Rectel
776 3547 825 3595 Cur
844 3551 922 3595 tamm
940 3545 1194 3610 imperatorum

37 3623 116 3683 quidem
140 3627 222 3693 epulas
246 3628 318 3677 buius
344 3629 390 3678 loci
414 3645 464 3678 esse
489 3631 589 3689 credam,
614 3629 684 3679 145115
706 3629 829 3693 intelleges
855 3629 875 3677 si
894 3627 1032 3677 memineris
1049 3627 1108 3692 qnid
1125 3629 1195 3677 modo

38 3707 87 3770 (pag.
104 3711 147 3759 lta
164 3728 220 3761 cum
237 3713 291 3762 adn.
318 3713 341 3772 1)
359 3714 494 3778 scripserim
512 3730 566 3763 cum
583 3714 612 3763 de
629 3716 685 3763 fisco
701 3718 752 3762 tum
770 3714 798 3762 de
816 3712 960 3776 patrimonio
973 3711 1099 3760 Caesarum
1110 3717 1194 3760 cetera·

38 3803 75 3849 que
94 3810 172 3842 eorum
199 3810 223 3843 re
241 3795 363 3845 familiari.
406 3797 539 3846 ‘triumviri
565 3813 628 3855 sane,
656 3801 682 3845 ut
708 3797 824 3845 eiusmodi
847 3798 957 3858 sumptus
978 3793 1114 3851 tolerarent,
1132 3809 1193 3843 nova

39 3871 112 3924 tribute
135 3876 311 3942 imposuerant.
343 3879 380 3928 Ol.
408 3879 453 3928 Ilio
479 3879 544 3928 Cass.
572 3879 682 3938 XLVIII,
710 3881 750 3936 34,
777 3879 800 3935 2,
827 3878 858 3926 35
887 3874 953 3943 ,καὶ
973 3874 1047 3946 τέλη
1068 3873 1132 3934 τινὰ
1144 3876 1193 3935 ὑπ’

39 3957 117 4022 αὐτῶν
144 3966 359 4042 τμοσνοατέστη
389 3967 434 4028 tra
466 3964 501 4027 τὸ
532 3967 572 4027 τὰ
602 3967 788 4044 ἀναλώματα
810 3975 916 4048 πολλῷ
937 3973 1028 4031 τλείω
1049 3969 1124 4046 ἥτεμ
1146 3967 1193 4031 ἐπὶ

40 4063 82 4115 τοῦ
98 4062 234 4137 προτέρου
254 4063 403 4139 Καίσαρος
423 4061 570 4127 ἐτέτακτο
590 4069 764 4140 γίγνεσθαι·
788 4067 962 4143 τὰμτολλα
983 4065 1195 4143 perpetrasse

41 4151 159 4222 μάλιστα
189 4156 218 4229 ἐς
245 4157 313 4230 τοὺς
344 4161 533 4235 στρατιώτας
557 4161 747 4230 δαπανῶντες
767 4161 932 4248 ᾐσχύνοντο
953 4164 1034 4240 μόνοι
1054 4163 1135 4239 παρὰ
1158 4163 1194 4224 τὸ

41 4251 211 4326 cardamatis
230 4255 449 4327 aestimarer.
471 4255 575 4334 ἂμέλει
596 4253 647 4316 τὸν
667 4257 797 4332 πώγωνα
818 4259 832 4318 ὸ
854 4260 971 4335 Καῖσαρ
992 4261 1063 4320 τότε
1075 4267 1194 4331 πρῶτον

40 4338 179 4424 ξυράμενος
198 4348 288 4424 αὐτὸς
309 4373 343 4413 τε
364 4353 509 4430 μεγάλως
530 4351 659 4429 ἑόνμτασε
680 4351 728 4416 καὶ
741 4362 801 4424 τοῖς
816 4354 919 4426 ἄλλοις
932 4356 1028 4417 ἅπασι
1041 4357 1194 4434 δημοτελῆ

1045 4462 1106 4528 13*
