3084 5128
583 637 645 702 201

83 816 189 884 Nerva
211 816 344 904 pietatis
367 837 448 882 suae
470 814 638 882 illustrem
660 813 824 882 heredem
843 813 965 881 habuit
987 812 1098 880 filium
1110 813 1192 880 'l'ra-

45 929 161 1012 ianum,
191 929 249 1018 qui
272 931 427 1017 inceptae
451 929 500 995 rei
523 934 618 995 tanto
645 949 726 995 cum
749 927 871 1010 studio,
896 933 992 994 tanta
1013 947 1094 994 cum
1117 948 1195 994 con·

45 1043 156 1108 stantia
187 1064 220 1110 se
256 1043 399 1125 addixit,
435 1049 473 1108 ut
498 1041 591 1108 illius
619 1063 697 1110 vere
722 1047 840 1109 auctor
862 1040 1042 1108 habendus
1065 1041 1119 1108 sit.
1163 1040 1199 1106 Is

46 1157 125 1221 enim
149 1178 207 1224 nec
231 1157 362 1223 Romae
386 1155 487 1223 saluti
500 1155 790 1222 deeratetltaliae
804 1153 1041 1242 prospiciebat.
1066 1154 1197 1220 Romae

46 1290 214 1353 puerorum
238 1269 479 1358 paulominus
503 1269 656 1357 quinque
682 1267 777 1334 milia
800 1269 1032 1354 ingenuorum
1056 1267 1196 1336 alimen·

45 1389 144 1447 torum
166 1382 330 1450 beneficio
354 1383 461 1465 auxit,
487 1405 592 1471 quam
615 1382 855 1449 liberalitatem
878 1382 1012 1468 egregie
1036 1378 1197 1449 describit

45 1494 162 1562 Plinius
182 1497 220 1563 in
243 1497 466 1583 Panegyrico.
488 1494 513 1585 ¹)
560 1497 719 1563 Narratio
739 1496 940 1582 dignissima
963 1501 1113 1584 estquae
1127 1500 1198 1562 tota

47 1609 244 1696 perlegatur3
269 1610 409 1677 initium
434 1611 490 1677 bic
512 1609 672 1677 inseram.
701 1608 938 1692 „Adventante
961 1608 1127 1696 congiarii
1139 1607 1194 1675 die

47 1723 210 1793 observare
238 1724 402 1813 principis
426 1746 600 1810 egressum
623 1724 661 1795 iu
673 1722 861 1811 publicum,
873 1723 1020 1791 insidere
1035 1723 1107 1792 vias
1117 1744 1198 1790 exa·

46 1838 126 1904 mina
152 1839 339 1905 infantium
362 1839 563 1926 futurusque
588 1837 743 1930 populus
758 1836 897 1905 solebat.
943 1836 1057 1905 Labor
1079 1858 1199 1925 paren·

46 1950 122 2018 tibus
156 1959 228 2019 erat
262 1958 430 2020 ostentare
466 1951 627 2040 parvulos
649 1952 882 2040 inpositosque
903 1951 1093 2020 cervicibus
1116 1949 1200 2017 adu·

46 2064 138 2132 lautia
162 2065 268 2134 verba
290 2065 500 2153 blandasque
526 2087 624 2134 voces
647 2065 808 2140 edocere:
836 2065 1025 2133 reddebant
1046 2064 1097 2132 illi
1110 2085 1198 2154 quae

47 2179 265 2248 monebantar.
312 2179 364 2247 Ac
398 2179 552 2267 plerique
586 2179 697 2246 inritis
720 2177 877 2270 precibus
900 2180 1019 2246 surdas
1037 2177 1201 2267 principis

46 2311 128 2359 aures
155 2292 406 2381 obstrepebant,
430 2293 610 2384 ignarique
635 2293 719 2380 quid
741 2298 925 2380 rogassent,
950 2292 1034 2381 quid
1057 2313 1126 2359 uon
1149 2291 1200 2359 in-

47 2412 229 2490 petrassent,
269 2407 376 2474 donec
411 2406 512 2494 plane
547 2407 683 2488 scireut,
720 2405 998 2476 differebantur.'’
1044 2408 1136 2473 Tum
1161 2406 1199 2473 in

46 2518 218 2588 Traianum
254 2541 448 2588 sermonem
482 2526 703 2589 convertens:
743 2521 815 2602 ,Tu
846 2542 891 2587 ne
924 2520 1037 2606 rogari
1059 2519 1200 2608 quidem

47 2634 251 2717 sustinuisti,''
287 2634 408 2721 pergit,
440 2640 492 2715 „et
516 2655 728 2721 quamquam
755 2633 980 2701 laetissimum
1004 2633 1110 2701 oculis
1133 2634 1201 2701 tuis

48 2754 118 2814 esset
138 2754 324 2836 conspectu
347 2749 523 2815 Romanae
548 2748 671 2815 sobolis
693 2748 828 2835 inpleri,
853 2769 973 2815 omnes
990 2754 1105 2815 tamen
1118 2753 1198 2815 ante

48 2880 134 2945 quam
169 2870 204 2930 te
236 2860 394 2930 viderent
427 2863 602 2930 adirentve
639 2863 745 2950 recipi
778 2862 884 2930 incidi
907 2861 1042 2943 iussisti,
1068 2861 1201 2928 utiam

46 2972 111 3042 inde
144 2977 187 3044 ab
223 2975 370 3043 infantia
404 2983 582 3064 parentem
617 2976 795 3063 publicum
824 2997 967 3044 munere
991 2975 1201 3042 educationis

48 3091 280 3175 experirentur,
309 3096 498 3158 crescerent
522 3090 564 3157 de
588 3095 648 3157 tuo
672 3090 731 3177 qui
754 3095 943 3158 crescerent
965 3089 1037 3172 tibi,
1061 3089 1203 3158 alimen·

49 3201 141 3289 lisque
171 3203 242 3271 tuis
265 3204 311 3270 ad
334 3203 504 3291 stipendia
524 3209 584 3271 tua
606 3203 834 3292 pervenirent,
855 3209 1059 3292 tantumque
1083 3225 1202 3272 omnes

50 3361 228 3376 -———-

50 3462 145 3530 lacqq.)
171 3465 324 3533 „complures
349 3466 423 3529 (illos)
440 3466 503 3516 viros
519 3467 657 3516 auctoritate
676 3466 777 3517 minime
793 3467 940 3532 spemeuds”
957 3468 1051 3527 reluat,
1070 3485 1098 3534 ,e
1114 3468 1202 3534 quibus

50 3543 192 3599 Muratorium
219 3549 346 3612 nomin(at)
362 3549 496 3614 (symbolae
513 3549 559 3600 litt.
576 3551 680 3601 Floreat.
698 3551 746 3602 vol.
767 3551 793 3610 V,
810 3567 834 3616 p.
853 3550 918 3612 11),”
935 3551 977 3615 qui
997 3555 1082 3615 negant
1099 3552 1203 3602 Nervam

50 3628 104 3688 „eius
125 3633 230 3682 instituti
249 3633 401 3682 fundamenta
417 3633 506 3690 iecisse,
530 3633 625 3683 silentio
642 3635 765 3700 praecipue
782 3633 858 3683 Cassii
876 3634 960 3683 Dionis
978 3633 1091 3684 odiliam
1110 3639 1202 3684 sanbu-

50 3710 97 3761 tiam
121 3715 260 3778 adduetti).’'
296 3716 377 3780 „Quin
394 3717 457 3766 haud
475 3716 547 3775 scio,''
565 3717 652 3781 inquit,
667 3734 713 3783 „an
728 3718 758 3767 ad
775 3717 826 3781 ipsa
843 3717 956 3766 alimenta
972 3716 1112 3781 pertinuerit
1129 3716 1205 3782 legata

50 3795 162 3859 accipiendi
189 3799 236 3857 ius,
263 3798 401 3864 municipiis
422 3798 451 3849 ab
474 3787 614 3864 imperatore
639 3799 684 3849 illo
708 3816 845 3850 concessum
863 3835 966 3848 .....
986 3802 1120 3864 Antequam
1140 3799 1204 3849 euim

52 3873 82 3924 ius
94 3878 150 3930 illud
167 3882 306 3932 civitatibus
323 3899 459 3932 concessum
477 3887 544 3943 esset,
561 3884 589 3932 de
606 3883 774 3933 alimentorum
791 3882 947 3938 institutione,
964 3881 1058 3942 qualem
1076 3898 1103 3930 ex
1120 3881 1205 3931 inscri-

51 3959 156 4020 ptionibus
172 3965 249 4015 luisse
265 3981 317 4015 eam
334 3966 452 4024 novimus,
470 3966 509 4015 vir
527 3967 622 4032 cogitari
640 3967 742 4030 potuit.''
776 3968 811 4016 De
824 3967 876 4016 iure
893 3965 938 4015 illo
952 3964 1205 4031 videUlpianifragm.

53 4040 84 4102 24,
99 4046 143 4106 283
163 4049 327 4114 „ciuitatibus
345 4049 464 4107 omnibus,
481 4066 540 4114 quae
557 4049 600 4098 sub
618 4049 717 4115 imperio
735 4051 817 4116 populi
835 4051 935 4100 Romani
952 4054 1016 4108 aunt,
1035 4049 1107 4114 legari
1116 4051 1206 4115 potast;

53 4123 110 4190 idque
126 4147 138 4180 a
154 4132 212 4182 diuo
232 4132 312 4182 Nema
328 4133 497 4190 introductum,
515 4137 594 4198 postea
610 4149 624 4182 a
641 4138 722 4182 senatu
739 4137 831 4182 anctore
848 4133 971 4183 Hadriano
990 4133 1131 4197 diligentius
1151 4148 1207 4182 con·

54 4208 146 4263 stitutum
163 4215 224 4266 est.”
260 4215 296 4266 Ol.
315 4216 386 4265 etiam
403 4217 457 4281 Dig.
475 4217 549 4275 XXX,
569 4216 632 4276 117;
651 4217 706 4266 122.

81 4293 98 4354 ¹)
129 4297 184 4363 Gap.
204 4298 235 4348 26
255 4315 318 4363 seqq.
337 4299 424 4348 Eodem
442 4300 555 4366 respicere
573 4299 684 4349 videntur
700 4299 756 4348 baec
773 4299 844 4351 verba
860 4316 888 4350 ex
905 4300 962 4365 Gap.
981 4301 1030 4350 dl:
1046 4299 1161 4366 „Popula
1171 4296 1209 4347 cci

53 4371 261 4448 lotorurrrquinque
279 4381 347 4431 milia
363 4382 486 4432 adiecisti''
507 4409 538 4419 -
557 4383 586 4433 de
603 4381 689 4448 quibus
706 4381 785 4432 verbis
801 4382 878 4433 dicam
895 4399 947 4449 pag.
966 4384 1013 4434 211
1031 4384 1086 4433 adn.
1104 4382 1127 4434 1.

1080 4475 1123 4544 14
