3122 5130
854 592 895 656 26

286 785 403 831 rarum
435 786 544 851 genus
578 767 753 834 habebant
786 769 935 835 Romani
957 767 991 855 ¹).
1038 769 1116 834 Duo
1148 767 1309 833 tribuum
1331 788 1461 852 genera

286 885 392 960 erant,
417 880 560 946 rusticae
584 886 618 946 et
642 881 812 948 urbanae:
838 881 970 948 axillis
999 883 1036 946 in
1048 882 1111 948 has
1123 882 1300 977 transferri
1312 881 1461 966 ignomi-

288 991 346 1056 nia
380 999 453 1058 erat
482 991 518 1080 ⁹).
564 993 716 1060 Nomina
751 996 1025 1082 cognominaque
1061 996 1300 1064 Romanorum
1323 995 1459 1081 saepius

289 1105 394 1190 petita
429 1113 509 1172 sunt
542 1105 585 1173 ab
620 1129 720 1194 opere
756 1110 880 1175 rustico
917 1107 943 1196 8)
967 1109 1022 1176 vel
1046 1131 1066 1174 a
1089 1109 1279 1196 pecudibus
1303 1108 1339 1196 ⁴).
1385 1108 1458 1194 Ipsi

289 1218 432 1305 antiqui,
475 1222 612 1305 pecuale
649 1227 683 1286 et
716 1223 880 1308 peculium
921 1222 1087 1288 vocabula
1114 1245 1135 1288 a
1160 1246 1268 1310 pecore
1301 1221 1459 1288 derivan-

289 1338 348 1413 tes,
391 1332 511 1398 dicunt
555 1333 653 1400 initio
696 1357 776 1422 opes
815 1337 939 1422 positas
980 1337 1081 1402 fuisse
1126 1337 1162 1401 in
1209 1359 1245 1402 re
1285 1335 1456 1422 pecuaria.

288 1445 399 1511 Varro
434 1445 460 1532 ⁵)
495 1447 532 1512 L.
557 1447 595 1512 L.
620 1447 663 1529 V,
689 1449 740 1530 19,
766 1449 829 1515 95:
857 1450 919 1530 ,In
941 1471 1062 1536 pecore
1086 1451 1233 1536 pecunia
1252 1456 1328 1514 tum
1351 1449 1459 1515 consi·

290 1557 399 1624 stabat
421 1559 643 1644 pastoribus.'’
680 1562 755 1627 Oic..
773 1563 824 1628 De
848 1585 918 1649 rep.
941 1563 987 1644 II,
1012 1564 1123 1645 9,16;
1152 1564 1262 1642 ,Tum
1274 1567 1346 1628 erat
1357 1583 1409 1627 res
1420 1561 1459 1626 in

290 1693 410 1757 pecore
434 1679 468 1738 et
490 1672 644 1740 locorum
666 1676 941 1761 possessionibus,
966 1698 1009 1742 ex
1034 1697 1102 1763 quo
1124 1675 1300 1764 pecuniosi
1323 1681 1357 1740 et
1367 1675 1459 1740 locu·

290 1783 397 1870 pletas
430 1784 673 1854 vocabantur.''
721 1767 809 1854 Plin.
842 1791 884 1856 N.
909 1791 954 1855 H.
981 1789 1113 1871 XVIII,
1139 1792 1169 1871 3,
1195 1791 1257 1855 11:
1286 1788 1456 1870 „Pecunia

289 1897 363 1984 ipsa
400 1921 420 1964 a
450 1922 570 1986 pecore
595 1902 862 1988 appellabatur.''
899 1903 953 1969 Sic
986 1903 1128 1990 saepius.
1175 1902 1281 1968 Haud
1313 1924 1388 1968 raro
1410 1900 1456 1966 le-

289 2012 403 2097 gimus
435 2014 566 2082 nobiles
599 2017 773 2083 Romanos
807 2016 849 2082 ab
874 2024 985 2082 aratro
1009 2017 1182 2083 arcessitos
1205 2038 1275 2082 esse
1300 2017 1344 2081 ad
1366 2037 1455 2081 sum-

289 2147 363 2192 mos
386 2127 531 2194 honores
554 2129 778 2216 accipiendos.
824 2131 983 2217 Ipsorum
1006 2138 1088 2196 tunc
1105 2130 1264 2196 manibus
1275 2131 1453 2216 imperato-

289 2261 367 2304 rum
395 2241 594 2308 colebantur
616 2243 699 2327 agri.
724 2242 750 2329 ⁶)
796 2244 864 2308 Hic
888 2245 1011 2330 cuique
1035 2251 1113 2309 ante
1137 2243 1252 2310 oculos
1275 2250 1452 2310 versantur

288 2353 469 2431 Quinctius
501 2355 732 2438 Cincinnatus,
769 2357 874 2422 Gaius
908 2337 1093 2438 Fabricius,
1129 2357 1252 2423 Curius
1275 2357 1451 2437 Dentatus,

288 2466 413 2534 Atilius
443 2469 617 2550 Serranus
642 2470 801 2537 Valerius
824 2471 963 2552 Corvus
988 2470 1054 2552 alii,
1081 2492 1166 2557 quos
1188 2470 1348 2535 laudibus
1372 2470 1454 2536 cele-

288 2580 388 2646 brant
427 2583 614 2670 scriptores
664 2583 929 2649 Fertilissimum
962 2586 999 2649 in
1034 2605 1115 2670 agro
1152 2584 1290 2650 oculum
1324 2584 1453 2649 domini

287 2716 357 2760 esse
381 2694 407 2782 ⁷)
430 2702 529 2762 vetus
552 2703 602 2762 est
625 2697 856 2784 proverbium,
872 2699 964 2784 quod
976 2721 1078 2764 suum
1091 2699 1246 2764 fecerunt
1258 2698 1392 2784 antiqui
1404 2697 1454 2762 illi

287 2808 453 2875 homines.
500 2810 594 2875 Patri
639 2811 786 2876 familias
824 2813 940 2876 omnia
975 2833 1123 2898 quorum
1157 2811 1327 2895 indigeret
1362 2811 1454 2876 domi

286 2923 523 3005 nascebantur,
559 2946 663 3012 quare
699 2925 830 2990 Plinius
865 2925 912 3011 8);
963 2926 1141 3012 „Nequam
1176 2925 1362 3008 agricolam
1385 2947 1453 2991 esse

286 3070 377 3129 nostri),
411 3071 444 3118 ita
469 3069 601 3128 laudabant,
624 3070 714 3119 bonum
736 3069 862 3134 agricolam
888 3071 1024 3135 bonumque
1053 3071 1170 3118 colonum.
1196 3071 1344 3135 amplissime
1362 3070 1450 3119 laudari

286 3151 461 3200 existimabatur
486 3152 527 3216 qui
546 3151 757 3201 italaudabatur.''
776 3181 807 3188 -
826 3153 897 3200 Varro
915 3153 942 3200 R.
960 3153 988 3201 R.
1007 3153 1039 3211 Il,
1057 3153 1126 3218 prael.
1148 3153 1177 3200 1:
1197 3153 1263 3217 „Viri
1281 3153 1360 3216 magni
1378 3154 1450 3201 nostri

285 3235 384 3282 maiores
410 3251 458 3283 non
484 3235 534 3283 siaa
557 3251 625 3283 causa
646 3236 816 3300 praeponebant
834 3237 932 3284 rusticos
950 3236 1066 3284 Romarm
1083 3235 1203 3284 urbanis.'’
1222 3264 1253 3271 -
1272 3235 1405 3284 Columella
1422 3237 1448 3284 li.

285 3316 315 3364 ll.
341 3317 361 3374 I,
386 3313 465 3381 praes.
494 3317 537 3365 10:
565 3318 696 3382 „Superest
715 3353 720 3365 .
740 3334 814 3366 unum
839 3335 913 3381 genus
939 3317 1036 3366 liberale
1062 3323 1085 3366 et
1111 3318 1240 3376 ingenuum
1268 3318 1300 3366 rei
1327 3319 1449 3366 familiaris
1511 3309 1513 3314 ¹

285 3399 409 3462 augendae,
427 3401 489 3463 quod
510 3416 537 3448 ax
562 3399 728 3464 agricolatione
753 3401 893 3464 contingit'’.
919 3400 1015 3448 Plinius
1032 3401 1063 3449 N.
1082 3401 1113 3449 H.
1132 3401 1220 3456 XVlll,
1239 3403 1262 3458 3,
1281 3401 1325 3449 Il:
1346 3403 1448 3466 „Agrum

284 3483 345 3532 male
363 3483 437 3531 colere
454 3483 584 3531 censorium
602 3483 712 3547 pmbrum
730 3483 883 3541 indicabatur,
901 3487 977 3547 atque,
996 3488 1022 3531 ut
1040 3484 1107 3540 refert
1124 3484 1188 3541 Cato,
1207 3499 1260 3531 cum
1279 3484 1357 3532 virum
1368 3485 1450 3532 bonum

284 3566 413 3630 apricolam
430 3565 565 3630 bonumque
582 3565 691 3614 colonum
710 3566 830 3624 dixissent,
848 3566 994 3630 arnplissIme
1011 3566 1117 3614 laudasse
1134 3565 1321 3614 existinrabant.''

319 3649 336 3710 ι)
354 3650 485 3707 Drumann,
503 3649 548 3698 Die
564 3649 673 3698 Arbeiter
690 3665 713 3697 u.
732 3649 911 3698 Communisten
930 3649 954 3696 in
973 3647 1144 3696 Griechenlaud
1163 3664 1185 3696 u.
1204 3649 1271 3706 Rom,
1290 3665 1341 3712 pag.
1361 3649 1416 3702 279.

316 3732 416 3794 ²)P1in.
435 3733 465 3780 N.
484 3733 515 3780 H.
534 3732 622 3790 XVIII,
642 3733 664 3790 3,
684 3732 722 3780 13.

315 3815 335 3877 3)
352 3816 384 3864 ib.
402 3819 413 3877 §
432 3815 470 3864 10.

319 3901 338 3959 4)
355 3898 427 3947 Varro
441 3899 469 3947 R.
487 3899 516 3947 R.
531 3897 564 3956 II,
583 3897 605 3956 1,
625 3897 663 3946 10.

317 3982 335 4042 ι)
353 3981 390 4030 cf.
408 3981 478 4029 etiam
496 3981 596 4028 eundem
613 3981 641 4029 R.
660 3981 687 4028 R.
706 3981 738 4038 II,
758 3981 780 4038 l,
799 3981 837 4028 ll.

316 4065 336 4124 ο)
355 4064 419 4112 Plin.
438 4063 468 4111 N.
487 4063 520 4112 H.
539 4062 627 4121 XVIII,
645 4065 668 4120 4,
688 4062 726 4110 19.

315 4147 335 4208 ⁷)
352 4147 416 4196 Plin.
435 4145 466 4194 N.
484 4146 516 4194 H.
535 4145 623 4203 XVIII,
641 4145 664 4202 6,
683 4145 721 4192 43.
741 4145 777 4193 Os.
795 4145 865 4193 ctiam
883 4145 983 4192 eundem
1002 4145 1059 4193 ibid.
1071 4149 1093 4205 5,
1104 4149 1152 4206 31,
1173 4147 1339 4210 CatoDeAgri
1350 4145 1445 4201 cult.43

282 4230 392 4279 festivam
409 4229 512 4277 tabulam
529 4227 629 4275 Phaedri
648 4226 709 4288 (Lib.
728 4227 760 4285 lI,
777 4227 823 4275 fab.
843 4227 876 4286 8),
894 4232 935 4274 etc.

313 4312 333 4373 8)
348 4311 368 4360 l.
386 4310 402 4362 l.
421 4310 509 4370 XVIII,
527 4310 549 4366 6,
568 4309 608 4358 40.
