3084 5128
883 547 949 614 206

329 722 379 790 ita
416 723 572 790 Iulianus
609 729 746 812 quoque
785 724 972 792 consularis
1012 747 1150 806 ,curam
1185 723 1418 791 alimentorum
1445 721 1471 787 in
1515 718 1518 785 i

326 836 464 903 Italiam
502 839 659 905 meruit.''
684 837 710 924 1)
756 839 951 926 Macrinum
977 839 1221 926 imperatorem
1244 859 1363 926 pueros
1385 837 1470 902 Anto·
1517 864 1520 934 j]

327 950 486 1018 niniancs
519 958 553 1017 et
586 950 718 1038 puellas
752 953 1005 1019 Antoninianas
1028 952 1128 1020 illum
1153 953 1295 1039 quidem
1316 951 1469 1017 instituere
1517 979 1520 989 ι

327 1063 474 1133 voluisse
509 1064 676 1150 legimus;
712 1064 738 1152 ²)
773 1073 809 1132 at
829 1088 913 1134 mox
937 1072 1077 1134 necatus
1099 1073 1149 1132 est
1171 1087 1235 1132 nec
1259 1065 1389 1133 videtur
1409 1085 1470 1130 con·
1517 1079 1520 1102 l

328 1176 442 1244 silium
488 1199 559 1245 esse
605 1185 794 1246 exsecutus.
855 1180 974 1246 Restat
1008 1179 1154 1247 Severus
1189 1179 1391 1261 Alexander,
1424 1177 1470 1264 qui
1517 1175 1520 1216 l

326 1435 438 1500 gratiores,
462 1437 487 1486 id
504 1438 568 1501 quod
584 1454 613 1487 ne
623 1438 699 1487 verbis
708 1439 803 1503 quidem
813 1439 890 1488 citatis
899 1439 1047 1504 exprimitur,
1056 1438 1205 1488 sustulisse.''
1224 1431 1472 1488 -e'Mommseneontra
1519 1417 1520 1441 ³

326 1520 383 1568 haec
408 1520 490 1569 scribit
506 1521 571 1582 (stu.
589 1521 625 1569 11³
643 1537 695 1586 pag.
714 1522 778 1571 1080
792 1519 878 1584 (1081)
894 1523 949 1571 adn.
968 1523 1008 1582 3);
1028 1523 1106 1586 „Elser
1122 1523 1210 1570 konute
1229 1538 1283 1571 man
1301 1523 1339 1571 die
1354 1523 1419 1585 Frage
1433 1519 1471 1566 uui·
1519 1517 1520 1556 l

326 1603 421 1659 werten,
439 1603 468 1650 ob
490 1602 557 1652 nicht
575 1603 668 1652 Marcus
684 1605 710 1653 in
727 1601 805 1654 seiner
820 1605 1064 1669 Finanzbedrsngniss
1082 1605 1132 1654 sich
1149 1606 1270 1669 gentithigt
1285 1605 1380 1669 geschen
1396 1604 1430 1652 hat
1443 1602 1472 1649 die
1519 1631 1520 1670 l

326 1685 583 1751 Alimentarrapitalien
601 1703 647 1736 von
665 1688 710 1736 den
727 1689 925 1737 Grundbesitzern
942 1688 1094 1738 einaunielren
1113 1689 1162 1737 und
1180 1689 1218 1736 die
1226 1688 1307 1736 bisher
1315 1705 1359 1737 von
1367 1685 1471 1736 desselben

325 1768 445 1832 gezahlteu
472 1769 557 1818 Zinsen
583 1772 624 1818 arri
648 1771 686 1818 die
708 1771 852 1820 ‘Staatslrasse
873 1788 901 1820 zu
919 1772 1093 1830 tibernehmen3
1111 1773 1154 1820 aus
1165 1773 1218 1820 eine
1234 1772 1350 1835 derartige
1366 1768 1472 1832 Massregel
1519 1761 1520 1783 ³

326 1852 391 1902 sdhrt
415 1852 466 1902 vita
491 1853 580 1905 Pertin.
606 1853 630 1902 9.
657 1855 780 1918 [Sequitur
805 1855 871 1904 locus
896 1871 967 1920 quem
989 1856 1015 1904 in
1032 1859 1097 1904 textu
1114 1855 1263 1920 exscripsi.]”
1282 1883 1314 1891 -
1331 1855 1365 1904 Ne
1380 1851 1472 1902 Radberti
1519 1859 1520 1862 ’

325 1935 420 2000 quidem
446 1934 571 2001 explicatio
596 1936 689 1986 videtur
705 1954 754 1986 esse
770 1939 983 2003 praetermittenda,
1001 1939 1093 1988 etiamsi
1111 1955 1162 1987 eam
1180 1939 1345 2003 nouaccipias.
1362 1936 1471 2000 lsquiden
1519 1987 1520 1994 χ

322 2019 455 2080 (Bedenlren
481 2036 553 2083 gagen
579 2020 624 2068 den
651 2037 697 2070 von
722 2023 767 2070 den
793 2021 961 2088 Topographen
987 2023 1059 2070 Rome
1075 2028 1118 2071 etc.
1136 2021 1153 2071 l.
1171 2021 1189 2070 l.
1206 2038 1258 2086 pag.
1278 2022 1308 2070 15
1327 2025 1381 2086 seq.)
1397 2025 1472 2082 tempus
1517 2007 1520 2012 η’

321 2103 450 2167 perfeetum
468 2102 540 2166 (quod
558 2103 652 2161 dicitur)
669 2105 767 2153 sustulit
783 2121 831 2153 non
848 2121 862 2153 a
880 2106 992 2164 tollendo,
1010 2105 1050 2154 secl
1063 2105 1218 2170 asufireado
1227 2105 1337 2154 derivans
1346 2104 1471 2152 Pertinacem
1519 2097 1520 2126 l

323 2190 402 2244 eontra
427 2186 519 2234 residua
543 2186 588 2234 ista
614 2187 755 2251 persolvisse
772 2189 847 2253 ponit.
883 2189 951 2237 Hanc
968 2189 1184 2252 interpretationem
1202 2187 1291 2251 optime
1308 2187 1413 2252 quadrare
1428 2184 1472 2232 dicit
1519 2213 1520 2234 ι

322 2284 377 2318 cum
403 2269 433 2317 iis
455 2285 514 2333 quae
530 2270 636 2334 proxime
653 2273 800 2328 antecedunt,
819 2272 860 2320 nbi
878 2271 979 2336 legimus
996 2273 1143 2321 Pertinacem
1160 2287 1209 2320 rem
1227 2271 1347 2335 publicam
1363 2270 1472 2323 ordinasse,

322 2367 360 2400 aes
385 2351 498 2410 alienum,
524 2353 587 2416 quod
614 2354 694 2419 primo
716 2355 813 2418 imperii
830 2358 933 2420 tempore
951 2359 1103 2412 contraxerat,
1121 2354 1227 2412 solvisse,
1245 2355 1360 2402 semrium
1376 2353 1400 2401 in
1416 2365 1471 2400 suun

323 2438 410 2498 statum
427 2435 565 2494 restituisse,
583 2437 700 2501 stipendia
718 2437 829 2502 plurimis
847 2443 907 2488 retro
925 2438 1003 2487 debita
1011 2437 1145 2495 exsolvisse,
1155 2437 1269 2486 obeundis
1278 2441 1391 2502 postremo
1399 2433 1472 2484 eunctis
1519 2457 1520 2462 =

323 2517 460 2566 muneribus
485 2519 569 2567 fiscum
595 2535 674 2583 parem
695 2521 785 2580 fecisse,
802 2525 825 2570 et
843 2522 869 2570 id
885 2537 957 2584 genus
975 2521 1029 2570 alia.
1064 2521 1140 2570 Verba
1157 2521 1209 2584 ipsa
1225 2519 1333 2569 breviora
1349 2526 1401 2568 sunt
1415 2531 1471 2582 quan

322 2603 350 2650 ut
366 2601 423 2650 satis
439 2600 547 2665 intellegi
565 2603 639 2666 possit
651 2604 714 2667 ¹quid
730 2603 813 2654 velint.
848 2604 912 2654 Mihi
929 2608 1008 2653 tamen
1025 2604 1118 2652 videtur
1135 2603 1285 2667 aliquantum
1294 2603 1400 2652 interesse
1409 2606 1472 2650 utrum

322 2683 352 2733 ad
377 2683 474 2733 Roman·
493 2700 523 2733 an
548 2685 578 2733 ad
603 2686 699 2735 ltaliam
725 2687 864 2752 pertineant.
899 2687 929 2736 In
955 2687 1024 2736 ltalia
1048 2687 1112 2735 enim
1139 2687 1233 2735 residua
1257 2687 1472 2750 virimpermrun
1519 2665 1520 2694 l

321 2766 394 2822 fuisse
411 2767 504 2826 dixeris,
521 2769 562 2817 sed
579 2768 715 2818 colonorum
729 2771 770 2834 qui
788 2771 883 2835 praedia
896 2787 938 2818 sua
946 2770 1115 2834 obligaverant.
1133 2769 1180 2832 (Cf.
1191 2786 1241 2833 pag.
1252 2769 1301 2818 212
1311 2773 1382 2834 seqq.)
1398 2765 1472 2832 Quodsi
1519 2817 1520 2828 ,

322 2851 420 2900 Henzen
446 2852 566 2917 scriptoris
592 2853 732 2901 sententiam
757 2858 877 2902 assecutus
902 2858 944 2911 est,
971 2854 1117 2902 Pertinacem
1140 2852 1212 2902 Italos
1229 2853 1313 2902 misere
1324 2853 1415 2902 afflictos
1430 2848 1474 2898 illos

322 2933 416 2998 quidem
435 2935 557 2992 relevasse,
574 2937 654 3000 pueris
671 2952 725 2984 vero
742 2936 844 2986 defuisse
853 2937 966 3001 sequitur,
977 2937 1019 3001 qui
1032 2936 1199 2985 alimentorum
1209 2937 1339 2985 commodis
1349 2935 1472 2984 fruebantur.

323 3017 392 3083 Quod
411 3019 468 3082 quia
485 3018 565 3067 minus
582 3019 632 3067 veri
650 3019 730 3068 simile
747 3021 848 3079 videtur,
866 3021 943 3068 nescio
960 3036 989 3069 an
1008 3019 1151 3070 Mommseni
1169 3014 1302 3068 coniectura
1319 3020 1349 3068 sit
1366 3015 1473 3084 probanda.

357 3101 378 3161 l)
411 3101 527 3164 Spartiun.
545 3101 631 3150 Didius
648 3102 736 3151 Iulian.
754 3103 777 3162 a,
796 3105 819 3152 1.

355 3182 375 3244 ²)
408 3183 529 3247 lamprid.
547 3185 661 3234 Antonin.
680 3185 821 3235 Diadumen.
841 3186 864 3245 2,
887 3186 925 3234 10.
961 3186 1083 3234 Macrinus
1099 3185 1163 3235 enim
1183 3185 1297 3249 ,ueritus
1315 3201 1345 3233 ne
1354 3185 1378 3233 in
1386 3183 1474 3246 aliquem

322 3265 499 3316 Antoninorum
519 3303 649 3316 ......
678 3269 792 3317 exercitus
817 3269 967 3328 inclinaret‚''
985 3269 1062 3318 tilium
1080 3285 1151 3317 aarum
1168 3267 1319 3318 Antoninum
1336 3266 1475 3333 appellaverat

322 3347 389 3411 (raro.
409 3348 430 3406 1,
449 3348 482 3408 a).

355 3430 393 3479 Ad
418 3429 521 3478 Macrini
547 3431 649 3481 consilia
673 3434 786 3496 quaedam
811 3434 962 3484 alimentaria
982 3435 1053 3483 etiam
1070 3434 1163 3483 videtur
1179 3433 1295 3498 pertinere
1312 3433 1378 3482 locus
1393 3430 1475 3496 quidam

321 3520 407 3569 olona
440 3519 581 3582 (aarum,
616 3523 655 3581 aa,
688 3525 720 3584 s),
746 3525 787 3589 qur
814 3541 869 3574 eum
894 3525 994 3574 cerna
1021 3524 1191 3590 supplementis
1215 3524 1248 3572 ra
1272 3524 1374 3588 ragita:
1409 3510 1475 3590 ‚aad

322 3605 394 3680 τοῖς]
437 3599 484 3663 ἐπ’
526 3600 622 3666 ἑλπίδι
654 3604 800 3687 &parcior
837 3607 1037 3688 τρε]φομένοις
1070 3607 1223 3687 [ὀρφανοῖς]
1254 3603 1288 3670 ἐκ
1318 3617 1373 3679 τῆς
1395 3657 1400 3670 .
1422 3657 1427 3669 ,
1446 3653 1474 3668 ..

321 3699 482 3777 reddente]
505 3699 596 3780 μέχρι
615 3710 670 3772 τῆς
691 3705 937 3782 σ[τρατεοοὶμοο]
960 3707 1073 3774 ἡλικίας
1093 3701 1321 3780 torpaaptaaf’
1340 3713 1475 3766 ciniani.

321 3796 349 3846 V.
375 3797 404 3846 G.
419 3797 432 3845 1
449 3813 500 3861 pag.
520 3798 567 3846 119
585 3800 639 3848 adn.
657 3802 680 3848 4.
716 3801 819 3850 Adnotat
836 3805 916 3850 antem
934 3802 1078 3861 Boissevsin,
1096 3802 1121 3850 in
1139 3803 1186 3850 fine
1203 3795 1247 3873 ἐκ,
1266 3817 1315 3850 uon
1332 3797 1382 3872 fier,
1401 3803 1475 3848 certum

319 3890 394 3940 videri
411 3891 545 3941 affirmans:
564 3894 618 3958 „Au
637 3894 740 3945 Bekkeri
758 3895 925 3960 supplementa
941 3897 974 3946 ita
994 3897 1123 3946 mutanda:
1142 3893 1271 3976 ὀρφανοῖς
1291 3896 1318 3956 δ’
1333 3894 1380 3957 ἐπ’
1395 3890 1476 3956 ἑλπίδι

319 3981 452 4064 βραχείᾳ
489 3986 672 4064 τρεφομένοις
707 3987 868 4048 σιτοὸοτεῖν
898 3987 931 4052 ἐκ
960 3998 1015 4059 τῆς
1037 4037 1282 4051 .........
1314 3993 1405 4073 μέχρι
1431 3995 1476 4054 τῆς

321 4083 540 4156 σορατεοσίμοο
575 4084 690 4154 ἡλικίας
729 4081 984 4163 ἕκαινοτοριήθηῗ,
1028 4105 1110 4137 verum
1152 4084 1199 4147 ἐπ’
1231 4084 1328 4148 ἑλπίδι
1359 4087 1476 4165 βραχείᾳ

321 4172 484 4254 τρέφεσθαι
514 4178 571 4242 quid
597 4179 628 4228 sit
653 4197 701 4230 non
727 4181 815 4246 optime
841 4182 960 4246 intellego,
986 4183 1086 4248 cogitavi
1112 4184 1140 4232 de
1157 4179 1205 4242 ἐπ’
1226 4181 1323 4244 ἑλπίδι
1339 4183 1473 4257 (lontrina,

321 4285 367 4336 quo
384 4270 487 4320 admisso
504 4263 621 4324 nonnulla
638 4274 800 4341 supplementa
817 4275 916 4326 Beklreri
933 4276 1029 4326 retineri
1047 4294 1095 4327 non
1111 4277 1234 4344 possunt.''
