3122 5130
623 585 665 650 85

55 759 265 826 metuebant.
294 759 319 848 1)
343 761 456 840 Quare
479 760 600 828 Livius
623 761 664 828 de
688 761 764 848 lege
787 763 903 830 Cassia
925 761 1059 847 agraria
1082 757 1227 825 mentio-

57 895 134 938 nem
166 873 317 940 faciens:
342 873 368 960 ’)
405 875 515 954 „Tum
539 875 692 961 primum
714 875 754 962 (i.
773 897 801 941 e.
826 897 917 941 anno
941 897 970 940 a.
995 895 1028 940 u.
1052 895 1080 939 c.
1105 872 1169 937 268
1190 897 1226 930 =

58 1009 85 1052 a.
107 986 187 1052 Chr.
212 1009 247 1053 n.
272 987 351 1074 486)
373 987 430 1052 lex
451 987 584 1072 agraria
597 987 883 1073 promulgataest,
897 1008 1091 1073 numquam
1102 983 1226 1052 deinde

59 1100 243 1190 usquead
277 1100 367 1167 hanc
401 1101 603 1166 memoriam
636 1102 708 1167 sine
743 1101 904 1166 maximis
939 1099 1088 1165 motibus
1111 1119 1227 1164 rerum

60 1213 146 1297 agita
184 1214 215 1279 .''
263 1213 314 1279 De
352 1213 405 1278 his
439 1213 581 1299 agrariis
614 1213 746 1298 legibus
781 1214 874 1299 apud
909 1213 1087 1299 scriptores
1124 1231 1224 1297 saepe

60 1327 184 1393 mentio
218 1327 277 1407 fit;
302 1347 420 1392 omnes
443 1327 567 1392 referre
590 1326 735 1411 longum
757 1332 815 1406 est,
830 1325 856 1412 1)
880 1347 943 1392 nec
968 1345 1102 1391 necesse
1130 1323 1224 1390 vide·

62 1446 113 1505 tur
141 1462 224 1506 cum
246 1461 316 1505 non
340 1439 406 1505 nisi
428 1439 627 1506 circuitione
652 1438 802 1525 quadam
825 1439 869 1504 ad
889 1458 1083 1525 pauperum
1106 1457 1225 1502 curam

62 1554 226 1638 pertinere
250 1554 318 1619 dici
339 1553 478 1639 possint.
520 1552 576 1618 Ad
602 1573 763 1618 omnes
788 1551 881 1616 enim
906 1550 1055 1637 plebeios
1079 1549 1225 1636 pertine-

62 1665 159 1747 bant3
184 1666 430 1752 assignationes
446 1666 577 1732 viritim
600 1666 705 1731 lactas
729 1686 800 1730 esse
826 1664 986 1748 legimus;
1011 1662 1224 1749 pauperrimi

63 1780 222 1866 cuiusque
258 1779 408 1845 maxime
431 1778 599 1844 rationem
620 1777 776 1843 habitam
799 1799 869 1843 esse
892 1775 1031 1842 nullum
1053 1775 1222 1840 indicium

64 1897 116 1956 est.
162 1891 210 1957 At
243 1913 314 1959 non
347 1892 463 1956 minus
485 1912 607 1958 verum
630 1897 680 1956 est
703 1889 862 1976 plebeios,
888 1888 1054 1975 quamdiu
1077 1886 1120 1954 ab
1142 1909 1223 1973 agro

65 2004 195 2088 publico
218 2003 492 2086 excluderentur,
516 2025 587 2070 uon
609 2025 686 2069 raro
709 2003 874 2069 deteriore
898 2007 988 2067 statu
1011 2001 1122 2081 fuisse,
1135 1999 1226 2066 ideo·

65 2138 123 2203 que
157 2140 251 2193 cum,
270 2118 308 2183 in
342 2117 434 2183 illius
469 2123 602 2204 partem
633 2122 838 2184 vocarentur
861 2115 1050 2181 multorum
1073 2114 1226 2180 fortunas

65 2230 274 2316 aliquantum
295 2231 519 2317 amplificatas
542 2251 621 2296 esse.
661 2229 803 2316 Saepius
826 2235 865 2294 ut
888 2228 1040 2312 agrariae
1062 2226 1148 2312 legis
1171 2225 1226 2292 de-

66 2343 222 2409 siderium
256 2344 462 2409 diminueret
496 2350 530 2410 et
563 2343 784 2429 patriciorum
819 2329 1042 2428 possessiones
1076 2340 1226 2424 integras

69 2463 217 2538 servaret,
259 2464 396 2523 senatus
444 2456 614 2523 coloniam
662 2455 898 2521 deducendam
945 2453 1096 2534 curabat,
1137 2474 1224 2539 quae

69 2569 156 2634 velut
189 2570 460 2636 delenimentum
494 2577 580 2636 esset
614 2568 716 2655 plebi.
751 2569 777 2656 ⁴)
820 2569 921 2633 Hanc
956 2573 1072 2632 tamen
1106 2565 1225 2652 procul

70 2681 203 2768 relegari
231 2684 379 2770 pigebat,
404 2705 484 2749 curn
508 2683 628 2749 uberes
651 2681 827 2768 amplique
851 2681 925 2765 agri
948 2701 1052 2767 prope
1077 2680 1225 2745 Romam
1309 2739 1310 2744 ,

70 2794 103 2859 in
135 2803 318 2884 conspectu
364 2803 483 2862 essent.
521 2795 546 2882 δ)
592 2795 766 2881 Quicquid
804 2795 840 2860 id
875 2800 933 2874 est,
970 2793 1111 2878 agrariis
1144 2791 1225 2877 legi-

70 2906 127 2973 bus
160 2931 226 2976 non
262 2915 312 2976 est
345 2909 562 2996 impeditum,
606 2930 674 2994 quo
712 2908 827 2972 minus
861 2907 1028 2994 paulatim
1066 2904 1224 2971 nonnulli

69 3018 252 3107 locupletes,
289 3044 360 3088 non
394 3043 469 3088 raro
504 3023 540 3088 vi
568 3021 624 3089 vel
648 3021 735 3102 dolo,
760 3042 859 3105 agros
883 3021 1122 3086 continuarent
1144 3017 1226 3084 libe-

68 3155 177 3220 rosque
211 3136 376 3221 agricolas
410 3135 662 3202 submoverent.
687 3133 713 3222 ⁶)
748 3135 819 3200 Nec
851 3135 989 3215 mirum,
1013 3155 1093 3198 cum
1115 3131 1227 3198 Roma

75 3259 254 3272 ¹5-

100 3310 115 3371 ¹)
132 3312 177 3362 Cic.
195 3315 230 3362 De
247 3315 302 3377 Iaeg.
319 3329 367 3378 agr.
386 3314 419 3370 II,
438 3314 478 3371 28,
497 3314 541 3361 68:
563 3314 662 3378 „Antea
680 3330 735 3362 cum
752 3315 802 3360 erat
819 3329 833 3361 a
849 3312 946 3360 tribuno
963 3311 1041 3375 plebis
1058 3312 1148 3360 mentio
1166 3311 1227 3375 legis

71 3395 164 3456 agrarim
178 3398 244 3454 facta,
262 3397 384 3456 continuo,
401 3397 442 3461 qui
459 3412 526 3460 agros
542 3395 651 3460 publicos
668 3399 709 3445 aut
725 3396 882 3460 possessiones
899 3395 1028 3444 invidiosas
1044 3394 1162 3452 tenebant,
1176 3411 1227 3458 per-

73 3476 237 3528 timescebant.''

103 3559 121 3618 ἵ)
137 3561 184 3611 Liv.
203 3563 235 3620 II,
253 3563 293 3621 41,
309 3562 332 3611 8.

102 3640 120 3702 ³)
136 3643 244 3708 Exempla
268 3644 436 3707 assignationis
462 3643 555 3692 virItim
580 3644 655 3692 laetae
680 3643 773 3707 aliaque
799 3644 902 3693 eiusdem
919 3642 1012 3706 generis
1028 3643 1090 3705 apud
1107 3642 1231 3705 scriptores

76 3722 141 3772 relata
155 3727 278 3792 diligenter
295 3727 411 3791 congessit
429 3727 561 3775 Mommsen
580 3727 606 3775 Ο.
625 3727 644 3774 Ι.
663 3727 689 3774 L.
708 3726 721 3775 I
739 3743 790 3790 pag.
809 3725 841 3774 88
859 3742 921 3790 seqq.

105 3807 123 3866 ⁴)
139 3808 186 3858 biv.
203 3811 250 3869 ΙΙΙ,
270 3810 292 3869 1,
312 3812 341 3859 5:
378 3810 494 3874 „Antium
506 3847 577 3858 .....
596 3808 715 3857 coloniam
733 3809 817 3857 deduci
834 3824 916 3872 posse;
933 3808 967 3856 ita
984 3808 1034 3854 sine
1051 3805 1163 3869 querellis
1179 3823 1231 3870 pos·

77 3902 179 3940 sessorum
204 3892 297 3956 plebem
323 3893 349 3941 in
374 3908 441 3956 agros
466 3893 562 3948 ituram,
591 3891 711 3940 civitatem
746 3891 772 3939 in
798 3890 917 3938 corcordia
941 3888 1047 3937 iore.''-
1065 3887 1107 3944 IV,
1135 3887 1174 3945 el,
1201 3891 1231 3936 5:

79 3971 237 4033 „Aptissimum
253 3980 347 4039 tempus
363 3976 439 4023 luerat
455 3974 583 4022 vindicatis
600 3973 755 4022 seditionibus
772 3973 958 4022 delenimentum
975 3970 1063 4019 animis
1080 3969 1165 4019 Bolani
1183 3971 1234 4032 agri

79 4051 205 4106 divisionem
229 4059 300 4115 obici,
327 4075 373 4122 quo
390 4059 450 4106 iacto
470 4057 614 4105 minuissent
630 4057 773 4105 desiderium
791 4055 894 4118 agrariae
911 4054 978 4117 legis,
996 4069 1055 4116 quae
1072 4069 1176 4117 possesso
1193 4069 1235 4117 per

79 4133 179 4187 iniuriam
195 4157 249 4205 agro
266 4140 361 4205 publico
379 4145 455 4203 patras
473 4138 599 4202 pellebat.''
610 4167 641 4174 —
651 4139 688 4187 Cf.
707 4139 778 4186 etiam
794 4139 823 4196 V,
833 4137 872 4193 24,
882 4140 898 4185 4
908 4156 914 4194 ;
924 4136 964 4194 Vl,
977 4135 1015 4194 16,
1026 4137 1040 4182 6
1050 4155 1056 4192 ;
1066 4135 1134 4194 VIII,
1145 4136 1184 4193 18,
1195 4136 1233 4184 13.

111 4217 128 4276 1)
144 4220 175 4269 Gi.
192 4223 244 4273 Liv.
261 4224 306 4281 ΙΠ,
325 4223 348 4282 1,
367 4223 398 4280 7;
416 4223 445 4280 V,
463 4221 503 4278 24,
522 4223 545 4268 5.

111 4299 129 4359 ⁸)
143 4302 175 4352 Cf.
191 4305 242 4354 Lib.
260 4307 273 4355 I
291 4322 342 4370 pag.
360 4305 400 4362 45,
419 4305 451 4352 48
469 4320 523 4352 cum
541 4303 665 4352 nonnullis
682 4302 797 4365 exemplis
814 4301 848 4349 ibi
866 4301 988 4362 congestis.
