3040 5134
871 569 933 633 114

310 750 347 816 in
382 749 594 818 oblivionem
617 754 797 816 venerunt.
824 745 848 833 ι)
894 746 1002 812 Haud
1026 745 1129 811 dubie
1152 743 1226 831 ipsa
1248 741 1475 810 Romanorum

311 864 455 931 avaritia
476 863 514 928 in
536 883 638 928 causa
661 867 743 928 erat.
790 861 873 928 Vim
895 859 979 944 legis
1004 859 1140 925 eludere
1165 879 1209 923 ne
1234 857 1318 922 Cato
1345 856 1474 944 quidem

310 977 483 1043 censorius
505 975 663 1061 religioni
688 973 843 1056 ducebat,
869 972 896 1058 9)
923 974 977 1040 vir
998 973 1058 1060 qui
1077 978 1230 1038 ceterum
1243 977 1315 1037 tam
1328 969 1475 1037 celebrati

256 1172 260 1180 ι
311 1091 462 1157 nominis
496 1090 625 1156 famam
655 1087 815 1169 habebat,
847 1093 885 1152 ut
908 1087 1037 1152 Seneca
1060 1086 1172 1152 dicere
1195 1105 1267 1151 non
1294 1083 1474 1150 dubitaret:

314 1204 525 1292 „(Gatonem)
548 1209 661 1268 tame
685 1201 861 1289 republica
874 1201 939 1265 fuit
952 1200 1045 1266 nasci
1059 1221 1165 1287 quam
1180 1198 1388 1285 Scipionem,
1401 1197 1475 1262 alter

311 1318 406 1384 enim
417 1339 497 1383 cum
508 1314 663 1382 hostibus
675 1315 797 1380 nostris
809 1313 949 1394 bellum,
960 1313 1046 1379 alter
1057 1334 1138 1378 cum
1151 1310 1305 1400 moribus
1315 1311 1443 1396 gessit.''
1454 1309 1474 1395 ³)

311 1431 474 1515 Legimus
508 1429 603 1495 enim
634 1427 675 1494 de
701 1429 850 1494 Catone:
879 1423 1049 1506 υὲχρνίσατν
1070 1422 1102 1485 δὲ
1122 1424 1171 1487 καὶ
1192 1431 1235 1500 τῷ
1255 1422 1474 1499 διαβεβλημένῳ

312 1544 451 1620 μάλιστα
471 1548 531 1601 τῶν
553 1541 720 1618 δανεισμῶν
741 1537 841 1616 τῷέπὶ
862 1548 1002 1608 ναυτικοῖς
1013 1541 1038 1627 4)
1060 1537 1112 1598 τὸν
1122 1538 1233 1613 τρόπον
1243 1543 1356 1597 τοῦτον.
1375 1535 1473 1600 έιοέλευε

313 1652 381 1723 τους
417 1653 635 1731 δανειζομένους
667 1651 715 1713 ἐπί
735 1657 863 1734 κοινωνίᾳ
894 1652 1025 1722 πολλοὺς
1055 1658 1250 1728 παρακαλεῖν,
1272 1651 1433 1729 γενομένων
1450 1646 1474 1709 δὲ

313 1767 499 1833 πεντήκοντα
520 1766 568 1828 καὶ
589 1771 698 1828 πλοίων
712 1767 862 1826 τοσούτων
872 1762 960 1835 αὐτὸς
972 1757 1033 1846 εἶχε
1045 1771 1116 1842 μίαν
1126 1766 1234 1842 μερίδα
1244 1764 1291 1825 διὰ
1303 1765 1473 1830 Κουϊντίωνος

313 1877 512 1954 ἀπελευθέρου
531 1887 592 1948 τοῖς
612 1878 820 1954 δανειζομένοις
840 1879 1192 1956 συμπραγματευομένου
1210 1878 1259 1940 καί
1270 1877 1472 1954 συμπλέοντος.

315 1978 350 2058 ἦν
371 1993 397 2052 δ’
420 1978 467 2050 οὖν
488 1989 538 2054 οἶοι
563 1990 602 2060 είς
622 1992 703 2051 ἅπαν
725 1992 738 2050 ὁ
759 1991 898 2064 κίνδυνος,
920 1990 991 2050 ἀλλ’
1014 1993 1052 2060 εἰς
1073 1991 1162 2068 μέρος
1182 1987 1287 2067 μικρὲν
1307 1987 1355 2050 έπὶ
1373 1988 1473 2064 κέρδεσι

313 2107 495 2181 madias-'²
532 2105 557 2191 ⁵)
610 2105 665 2169 Ex
696 2103 763 2169 illis
799 2104 911 2171 verbis
950 2126 1036 2191 quae
1072 2105 1168 2170 addit
1205 2102 1270 2179 ,διὰ
1302 2104 1473 2167 Κουϊντίωνος

315 2216 534 2292 ἁπελευνέρου”
558 2217 795 2302 cognoscimus
823 2238 995 2304 quaenam
1018 2218 1161 2284 artificia
1184 2218 1423 2303 excogitarent,
1443 2219 1473 2277 ut

316 2331 422 2400 verba
453 2353 491 2398 ac
524 2331 654 2396 litteras
677 2330 761 2416 legis
785 2338 1018 2418 sequerentur.
1065 2332 1162 2398 Haec
1184 2332 1311 2397 usitata
1331 2352 1381 2396 res
1403 2332 1471 2406 erat,

318 2451 357 2510 ut
390 2444 666 2526 conductoribus,¹
699 2443 867 2510 libertinis
900 2445 1047 2511 servisve
1080 2444 1162 2510 talia
1185 2440 1473 2529 negotia'gerenda

319 2559 492 2624 traderent
517 2580 603 2645 quae
627 2558 717 2644 ipsos
738 2558 900 2624 dedecere
923 2557 1124 2624 sentiebant.
1158 2558 1185 2645 6)
1219 2558 1275 2623 Ita
1298 2565 1412 2624 tamen
1438 2573 1472 2617 ne

319 2673 590 2739 sordidissimum
614 2672 754 2758 quidem
777 2672 815 2736 in
830 2673 972 2738 modum
984 2671 1167 2759 pecuniam
1179 2672 1289 2738 faeere
1303 2671 1472 2758 quicquam

319 2787 416 2873 pensi
439 2785 621 2852 habebant.
645 2784 673 2872 7)

342 3031 372 3091 2¹)
407 3031 456 3080 Cic.
483 3030 550 3078 Vcrr.
572 3029 600 3086 V,
627 3028 667 3086 le,
694 3030 741 3078 45:
770 3029 843 3093 „Noli
869 3033 980 3088 metuere,
1004 3030 1124 3086 Hortensi,
1151 3046 1181 3078 ne
1197 3045 1317 3093 quaeram,
1335 3029 1376 3094 qni
1393 3023 1473 3076 licuerit

319 3115 441 3164 aedificare
466 3129 550 3162 navem
576 3112 685 3161 senatori.
720 3113 839 3177 Antiquae
864 3117 919 3162 sunt
937 3113 1108 3177 istaelegeset
1125 3116 1240 3172 mortuae,
1257 3129 1329 3178 quem
1346 3111 1472 3162 admodum

320 3201 347 3246 lu
365 3197 425 3244 soles
442 3197 525 3252 dicere,
543 3211 602 3259 quac
618 3194 723 3245 vetant.’'

353 3279 373 3342 ²)
407 3281 541 3328 Mommsen
553 3280 592 3338 ut.
611 3279 639 3326 G.
656 3278 680 3326 Ι8
697 3295 748 3342 pag.
767 3281 815 3328 856
833 3281 897 3339 adn.)
914 3281 1028 3330 Catonem
1041 3281 1085 3328 hnc
1099 3281 1184 3344 probro
1201 3279 1294 3328 solvere
1311 3283 1407 3329 conatur
1418 3297 1423 3325 :
1436 3290 1473 3338 quo

319 3364 372 3412 inre
398 3362 460 3410 mihi
485 3379 533 3410 non
559 3361 642 3424 liquet.
665 3362 747 3425 ipsum
773 3366 852 3411 tamen
874 3365 1016 3426 asperiorem
1034 3365 1060 3412 in
1078 3364 1171 3412 faenore
1190 3363 1317 3411 coercendo
1335 3379 1363 3411 ex
1380 3357 1474 3410 Sardinia

320 3445 400 3496 insula
413 3447 568 3494 faeneratores
585 3445 702 3507 fnguvisse
719 3449 799 3493 narrat
811 3446 895 3495 Livius
911 3447 1019 3508 (XXllll,
1039 3447 1079 3506 27,
1097 3447 1119 3503 3,
1139 3448 1173 3506 4).

354 3530 374 3591 3)
407 3529 486 3578 Senec.
504 3528 549 3591 Ep.
567 3527 716 3580 Moerin,
734 3545 770 3592 ep.
790 3529 804 3577 2
822 3530 881 3591 (87),
900 3531 923 3578 9.

354 3614 374 3674 ⁴)
409 3613 460 3660 Hoc
480 3612 571 3667 faenus,
596 3612 658 3674 quod
683 3612 767 3660 Latine
792 3613 881 3662 dicitnr
906 3613 1035 3672 nauticum,
1060 3630 1135 3678 usque
1151 3615 1181 3664 ad
1197 3614 1362 3664 Iustinianum
1379 3605 1475 3660 nonfuit

321 3695 529 3759 circumscriptum
554 3693 583 3741 cb
606 3695 679 3743 maris
699 3703 722 3743 et
747 3695 913 3758 negotiationis
934 3697 1016 3745 aleam.
1031 3697 1067 3746 Cf.
1086 3697 1163 3761 Marq.
1181 3697 1238 3746 StV.
1256 3697 1294 3746 11²
1311 3713 1356 3761 pag
1381 3695 1418 3743 64.
1449 3691 1474 3737 De

321 3780 432 3843 „nautico
450 3777 558 3826 faenore''
576 3777 668 3842 copiose
685 3777 733 3841 egit
750 3778 851 3827 Billeter
868 3779 904 3828 l.l.
922 3796 974 3844 pag.
993 3780 1041 3828 242
1056 3796 1128 3844 seqq„
1146 3763 1199 3830 322
1213 3797 1276 3844 seqq.

354 3863 372 3922 ι)
406 3861 469 3910 Plut.
489 3862 547 3910 Cato
564 3861 619 3910 mai.
638 3861 678 3910 21.

353 3947 373 4008 ⁶)
407 3946 444 3994 cf.
462 3946 539 4009 Marq.
558 3944 672 3994 privatis
689 3961 741 4009 pag.
761 3946 824 4004 1663
843 3947 930 3996 Friedl.
949 3947 985 3996 l.l.

352 4027 372 4089 ⁷)
406 4029 454 4077 Hic
479 4029 539 4077 mihi
566 4029 592 4076 in
618 4032 722 4087 mentem
747 4030 815 4078 venit
837 4029 1028 4079 narratiunculae
1044 4030 1121 4089 illius,
1138 4046 1209 4093 quam
1226 4030 1301 4079 tradit
1319 4030 1438 4080 Suetonius
1452 4026 1474 4073 de

319 4111 462 4176 Vespasiano
476 4111 578 4175 (vespas.
598 4112 651 4171 ab:
671 4112 877 4176 „Reprehendeuti
894 4113 944 4160 filio
961 4113 1023 4170 Tito,
1040 4113 1104 4176 quod
1121 4113 1191 4162 etiam
1209 4113 1293 4160 urinae
1310 4113 1408 4176 vectigal
1422 4124 1473 4158 com-

319 4198 414 4244 mentus
439 4197 506 4252 esset,
532 4196 656 4258 pecuniam
682 4208 713 4242 ex
730 4195 809 4257 prima
826 4196 938 4259 pensione
954 4196 1060 4244 admavit
1076 4196 1106 4244 ad
1119 4211 1194 4252 nares,
1208 4195 1331 4245 sciscitans
1347 4213 1399 4244 nana
1415 4193 1474 4242 odore

319 4278 480 4343 offenderetur
487 4297 497 4334 ,·
514 4281 537 4326 et
554 4276 599 4328 illo
615 4280 714 4341 negante
727 4277 819 4342 Atquin
835 4279 915 4343 inquit
931 4294 944 4327 e
960 4279 1020 4328 lotio
1040 4278 1100 4328 eat''.
1126 4277 1158 4328 st
1174 4279 1200 4327 in
1211 4278 1317 4342 Digestis
1326 4281 1363 4342 lv»
1373 4280 1394 4337 ³,
1408 4277 1442 4332 27,
1452 4274 1472 4330 ll
