3122 5130
884 616 927 680 68

318 796 355 861 in
391 817 459 882 qua
493 793 614 858 domus
648 791 820 857 aedificari
853 791 978 874 liceret,
1005 791 1029 879 ¹)
1060 792 1134 858 fieri
1166 793 1227 859 vix
1250 795 1382 877 poterat
1403 788 1478 875 quin

319 907 491 973 mercedes
513 905 765 970 habitationum
788 927 922 970 annuae
947 888 1162 990 augerentur.
1187 905 1285 970 Idem
1304 902 1478 968 dicendum

319 1021 360 1086 de
394 1019 583 1085 Domitiani
618 1018 779 1083 mandato
803 1025 920 1084 contra
943 1019 1144 1085 institorum
1167 1024 1316 1103 gentem.
1340 1015 1367 1104 ί)
1389 1017 1477 1094 ltem,

319 1135 348 1200 si
370 1172 413 1181 —
438 1132 530 1217 quod
554 1153 623 1197 non
647 1153 722 1196 raro
746 1130 849 1196 fiebat
872 1130 897 1219 8)
920 1170 964 1180 -
987 1132 1146 1197 Caesares
1162 1113 1308 1196 nimiam
1324 1131 1479 1195 domuum

320 1246 538 1312 altitudinem
576 1243 836 1331 impugnabant,
874 1245 1046 1312 mercedes
1080 1246 1204 1310 totiens
1241 1244 1383 1310 crevisse
1417 1241 1479 1308 reri

318 1360 430 1426 simile
455 1366 512 1424 est.

365 1472 482 1538 Rebus
504 1473 551 1536 ita
575 1493 608 1537 se
632 1471 841 1536 habentibus
866 1493 971 1558 quam
996 1472 1162 1557 plurimos
1187 1471 1358 1536 tenuiores
1370 1471 1405 1534 in
1417 1475 1479 1535 arta
1536 1491 1537 1532 1

319 1593 408 1652 tecta
442 1585 542 1650 fuisse
573 1585 743 1650 confertos
766 1584 860 1649 haud
884 1586 1049 1671 cuiquam
1072 1586 1109 1649 in
1145 1584 1249 1649 dubio
1279 1585 1352 1649 erit.
1397 1584 1478 1662 Quin

321 1699 525 1764 Plutarchus
559 1704 675 1763 narrat
709 1698 750 1762 de
785 1697 925 1763 Aemilii
961 1698 1082 1779 Paulli,
1120 1697 1300 1786 clarissimi
1334 1697 1406 1777 viri,
1430 1695 1479 1781 qui

322 1833 413 1877 anno
439 1834 468 1877 a.
482 1833 514 1876 u.
529 1833 555 1876 c.
570 1812 634 1876 586
647 1812 689 1898 (a.
703 1811 782 1876 Chr.
796 1834 828 1875 n.
845 1811 920 1897 168)
934 1811 1098 1876 Perseum
1110 1811 1202 1891 vicit,
1218 1809 1289 1874 filia
1302 1817 1335 1875 et
1348 1829 1479 1896 genero:
1536 1869 1537 1874 ,

324 1927 407 1992 „Tou
426 1921 458 1984 δέ
478 1924 655 1998 θυγατέρων
675 1931 734 1983 τῶν
756 1926 887 1999 Αἰμιλίου
907 1927 961 1989 τὴν
982 1920 1038 1998 μέν
1065 1924 1078 1982 ὸ
1101 1924 1240 1992 Κάτωνος
1254 1920 1310 1992 υἱὸς
1322 1921 1424 1998 ἐ’γημε,
1436 1919 1481 1984 ‘tir
1536 1927 1537 2016 l

321 2029 347 2088 δ’
375 2029 472 2097 Αἴλιος
502 2027 668 2102 Τουβέρων,
691 2027 762 2101 ἁνλρ
782 2027 902 2101 ἄριστος
923 2026 970 2089 καὶ
991 2027 1320 2102 μεγαλοπρεπέστατα
1346 2026 1480 2101 Ῥωμαίων

322 2137 405 2212 πενίᾳ
430 2133 628 2210 χρησάμενος.
654 2123 756 2191 Ἦσαν
786 2133 850 2206 γὰρ
881 2131 1035 2193 ἑκκαίδεκα
1067 2140 1236 2205 συγγενεῖς,
1261 2131 1352 2190 Αἴλιοι
1371 2132 1478 2195 πάντες

321 2237 432 2298 οἰκίδιον
460 2232 492 2295 δέ
522 2237 600 2294 πάνυ
630 2231 733 2310 μικρὲν
762 2223 797 2302 ἦν
826 2233 923 2304 αὐτοῖς
953 2235 1001 2296 καί
1025 2236 1157 2314 χωρίδιον
1178 2236 1207 2294 ἓν
1228 2235 1309 2309 ἦρκεν
1329 2243 1401 2294 πᾶσι
1421 2235 1479 2308 μίαν

322 2340 422 2400 ἑστίαν
453 2339 569 2415 νέμοντι
599 2337 678 2414 μετὰ
710 2340 820 2398 παίδων
850 2345 971 2398 πολλῶν
1001 2340 1049 2401 καὶ
1070 2347 1223 2413 γυναικῶν.
1269 2341 1322 2398 Ἐν
1342 2333 1385 2408 αἷς
1403 2336 1475 2399 καὶὴ

322 2443 454 2520 Αἰμιλίου
474 2444 558 2502 τοῦδε
580 2444 722 2518 θυγάτηρ
743 2431 777 2510 ἦν
797 2444 840 2512 δὶς
859 2444 1141 2513 υπατεύσαντοςκαί
1161 2444 1203 2512 δίς
1217 2443 1474 2520 θριαμβεύσαντος,

315 2545 372 2610 ὀὐκ
393 2547 589 2627 αἰσχυνομένη
610 2546 664 2614 τὴν
684 2554 784 2607 πενίαν
804 2554 856 2607 τοῦ
876 2545 988 2623 ἁνδρὲς,
1009 2547 1090 2608 ἄλλοι
1102 2549 1303 2625 θαυμάζουσα
1314 2543 1475 2622 τὴνὰρετδί,

322 2779 352 2810 ne
368 2766 416 2810 tam
434 2761 531 2809 adsidue
548 2761 632 2809 domus
650 2762 736 2810 Romae
753 2762 868 2819 arderent,
887 2778 973 2810 venum
991 2761 1069 2810 hercle
1086 2762 1201 2810 dedissem
1212 2778 1248 2810 res
1258 2763 1356 2811 rusticas
1364 2764 1387 2810 et
1396 2759 1473 2808 urbicas

327 2843 461 2893 emissem.''

360 2927 376 2986 ¹)
402 2926 438 2974 Cf.
457 2925 529 2974 Mart.
547 2927 567 2984 I,
586 2926 609 2983 2,
628 2927 642 2974 8
661 2928 688 2974 de
705 2927 807 2976 Neronis
823 2927 939 2976 molibus:
959 2927 1111 2991 „Abstulerat
1120 2928 1213 2976 miseris
1222 2931 1282 2976 tecta
1291 2926 1403 2991 superbus
1410 2920 1476 2988 ager.''

359 3009 378 3070 ί)
405 3009 441 3056 Cf.
460 3008 532 3056 Mart.
550 3009 605 3067 VII,
625 3010 672 3057 61:

426 3090 579 3156 „Abstulerat
595 3095 669 3140 totam
686 3093 824 3141 temerarius
842 3093 937 3142 institor
952 3093 1045 3150 urbem,

460 3173 535 3236 Inque
552 3190 594 3222 suo
611 3174 707 3222 nullum
724 3174 809 3223 limine
826 3175 901 3224 limen
919 3180 976 3224 erat.

426 3256 517 3305 Iussisti
535 3261 623 3314 tenues,
642 3257 786 3315 Germanice,
805 3275 906 3307 crescere
926 3260 998 3316 vicos,

460 3339 491 3386 ut
509 3339 578 3386 modo
596 3356 654 3403 quae
671 3341 747 3388 luerat
764 3342 855 3399 semita,
873 3343 933 3390 facta
950 3342 990 3390 via
1008 3347 1050 3390 est.

430 3421 503 3470 Nulla
520 3423 632 3470 catenatis
650 3422 699 3485 pila
716 3431 749 3471 est
766 3425 899 3487 praecincta
917 3424 1016 3488 lagonis,

464 3506 512 3554 Nec
528 3509 620 3569 praetor
637 3507 713 3555 medio
730 3508 822 3569 cogitur
839 3508 874 3556 ire
890 3508 949 3565 luto,

431 3589 564 3651 Stringitur
581 3589 607 3637 in
624 3590 694 3637 densa
711 3607 754 3637 nee
771 3606 836 3638 caeca
854 3591 967 3639 novacula
984 3590 1061 3648 turba,

465 3672 569 3734 Occupet
585 3677 626 3720 aut
642 3675 702 3720 totas
719 3673 788 3736 nigra
805 3673 891 3736 popina
909 3674 959 3722 vias

430 3754 528 3812 Tonsor,
546 3771 610 3816 copo,
628 3770 702 3811 cocus,
721 3755 800 3804 lanius
817 3772 858 3804 sua
876 3756 960 3810 limina
977 3761 1078 3805 servant.

464 3837 534 3885 Nunc
560 3837 634 3885 Rome
659 3843 700 3893 est,
721 3854 797 3902 anper
814 3855 899 3902 magna
916 3839 1012 3887 taberne
1029 3839 1100 3888 suit.”

331 3920 426 3967 Pactam
451 3920 583 3967 Domitiani
608 3919 719 3969 adulandi
746 3922 824 3969 studio
850 3926 987 3984 provectum
1014 3939 1063 3970 rem
1089 3923 1114 3970 in
1143 3922 1220 3970 maius
1249 3921 1360 3969 extollere
1377 3917 1435 3967 credi
1451 3929 1483 3977 po·

329 4006 381 4050 test.
416 4002 505 4064 Utique
530 4018 556 4050 ex
583 4003 712 4050 lleroliani
739 4002 838 4067 aliisque
862 4005 1006 4053 testimoniis
1032 4009 1095 4062 patet
1121 4021 1150 4052 ne
1167 4008 1250 4068 postea
1270 4005 1367 4068 quidem
1384 3993 1484 4050 eiusmodi

329 4085 434 4132 aedificia
467 4084 545 4148 lignea
579 4085 628 4132 vias
663 4087 833 4149 praestruentia
867 4087 954 4135 Romae
988 4088 1060 4135 fuisse
1095 4104 1154 4136 rare.
1192 4087 1281 4135 Herod.
1319 4087 1372 4138 Vll.
1400 4083 1435 4138 12,
1460 4079 1484 4123 5²

333 4168 378 4233 ρεῖ
398 4187 474 4236 τινες
501 4154 576 4233 ἦσαν
600 4167 700 4246 ξύλων
730 4166 834 4248 έξοχαί
861 4169 984 4240 (πολλαί
1017 4166 1049 4230 δὲ
1075 4161 1161 4229 αὗται
1186 4169 1266 4231 κατὰ
1294 4169 1348 4237 τὴν
1372 4158 1484 4236 relat?

333 4264 367 4311 De
385 4264 428 4311 hae
446 4280 470 4312 re
487 4265 515 4312 cf.
535 4263 669 4312 Pohlmaan
686 4264 703 4312 l.
722 4264 739 4312 l.
757 4281 808 4328 pag.
828 4265 866 4316 79.

363 4347 383 4406 ³)
409 4347 445 4394 cf.
464 4363 483 4395 e.
501 4363 523 4410 g.
541 4346 617 4396 Taciti
636 4346 715 4396 locum
732 4349 801 4396 ruodo
818 4347 946 4398 laudatum.
