3084 5128
620 635 684 702 289

66 820 207 880 exeunte
243 813 385 880 demum
420 814 508 880 vixit
541 811 676 881 saeculo
711 820 833 901 quarto
867 819 901 880 et
922 813 1063 879 ineunte
1088 811 1231 899 quinto:

68 928 205 1014 „Inopia
240 927 294 993 vel
329 928 442 1015 potius
465 935 595 1013 egestas
619 927 747 993 ordinis
770 926 979 1008 Formianil'
1003 925 1080 1012 (Ep.
1105 926 1148 1002 Χ,
1176 926 1231 1011 10)

107 1042 160 1106 llx
185 1041 277 1120 locis,
303 1063 388 1128 quos
411 1063 431 1107 e
454 1041 675 1108 diversisimis
698 1041 920 1128 scriptoribus
943 1047 1121 1106 mutuatus
1143 1061 1232 1119 sum,

66 1155 132 1219 iem
176 1162 319 1241 apparet
353 1155 388 1220 in
425 1155 590 1221 vocabulo
620 1177 745 1240 pauper·
777 1156 886 1221 inesse
921 1155 1106 1233 notionem,
1144 1174 1232 1240 quoe

66 1267 185 1333 melius
207 1267 283 1334 aliis
306 1266 436 1334 collatis
460 1291 566 1356 quam
588 1269 780 1356 ipseperse
794 1269 951 1354 cognosci
964 1275 1066 1354 utque
1079 1265 1234 1350 intellegi

66 1383 176 1468 possit.
200 1383 321 1469 Itaque
345 1383 525 1450 sescenties
543 1403 669 1467 pauper
691 1382 787 1448 diuiti
809 1382 1004 1469 opponitur,
1022 1401 1235 1468 quamquam

66 1496 96 1560 in
133 1503 277 1582 utraque
312 1517 394 1563 voce
425 1496 514 1562 inest
542 1495 744 1580 significatio
769 1496 879 1580 magis
902 1495 1107 1562 adumbrata
1129 1513 1235 1581 quem

66 1609 213 1675 definita.
270 1610 312 1675 In
358 1609 530 1676 Ciceronis
575 1607 735 1696 operibus
774 1608 815 1674 de
850 1608 1069 1695 philosophia
1104 1607 1233 1689 decem,

66 1723 96 1787 in
133 1722 344 1789 orationibus
378 1723 464 1788 duos
497 1721 679 1788 numeravi
714 1721 816 1804 locos,
852 1721 911 1788 ubi
944 1722 1027 1788 dines
1049 1727 1083 1788 et
1105 1721 1239 1787 divitior

65 1837 198 1920 pauperi
231 1843 265 1902 et
294 1837 481 1921 paupertati
516 1835 672 1924 opposita
706 1842 796 1902 sunt.
843 1834 1010 1901 Rhetores
1045 1840 1162 1900 eutem
1185 1834 1239 1898 his

69 1949 241 2016 vocabulis
274 1950 324 2015 uti
359 1948 478 2028 solent,
515 1956 551 2014 ut
586 1950 786 2035 pecuniosos
820 1949 1002 2033 sejungant
1036 1947 1079 2013 ab
1103 1947 1153 2029 iis,
1179 1947 1240 2033 qui

69 2085 188 2148 parum
224 2062 346 2150 opibus
377 2063 531 2129 floreant.
578 2062 679 2143 Quod
713 2084 768 2128 me
804 2062 958 2143 adduxit,
995 2067 1034 2126 ut
1068 2061 1104 2125 in
1136 2060 1241 2126 huius

69 2175 221 2263 opusculi
267 2175 366 2242 titulo
411 2177 514 2242 etiem
554 2176 761 2243 vocobulum
797 2198 920 2262 pauper
953 2174 1146 2242 scriberem.
1203 2172 1240 2239 si

69 2290 159 2354 enim
184 2289 283 2355 titulo
310 2289 380 2370 „De
403 2311 486 2357 cura
508 2288 688 2376 egentium*
713 2275 795 2356 usus
816 2311 934 2369 essem,
947 2289 984 2354 in
997 2288 1101 2354 nimis
1113 2287 1239 2372 exiguo

70 2425 151 2490 gyro
175 2410 345 2471 coartatus
367 2405 455 2470 mihi
479 2404 624 2471 viderer.
