3040 5134
588 601 652 666 139

44 773 83 840 ab
103 774 259 861 Augusto
284 775 448 864 duplicari
471 783 616 865 possent,
641 777 744 844 etiam
757 798 837 844 cum
850 797 988 844 annona
1001 775 1122 844 urbem
1134 797 1205 847 non

44 895 203 972 premeret
228 889 353 956 divisas
375 890 476 956 fuisse
500 912 642 982 necesse
659 893 733 977 est.)
779 891 895 958 Latior
908 890 1079 957 telisoura
1092 911 1205 979 neque

44 1021 290 1086 supervacanea
310 1003 411 1069 fiebat
433 1005 590 1089 gratuitis
612 1002 937 1071 frumentationibus
960 1025 1071 1091 neque
1091 1003 1206 1070 exclu-

45 1112 178 1180 debatur
200 1116 366 1183 frumenti
389 1117 518 1205 publici
541 1119 695 1204 penuria.
741 1117 823 1184 Illas
846 1117 939 1184 enim
953 1115 1044 1204 plebi
1056 1117 1206 1183 frumen·

46 1226 138 1293 tariae
153 1227 201 1293 ad·
210 1250 312 1296 usum
324 1252 545 1319 nequaquam
558 1231 781 1318 suppetivisse
795 1236 936 1312 constat,
950 1228 976 1316 ¹)
990 1231 1201 1298 frumentum

46 1347 150 1406 autem
173 1342 269 1429 quod
291 1343 426 1429 publice
449 1344 487 1409 in
510 1344 696 1431 provinciis
719 1343 898 1410 emebatur
919 1343 973 1412 vel
998 1343 1118 1410 tributi
1129 1342 1204 1412 loco

45 1451 113 1518 inde
140 1454 376 1523 advehebatur
399 1457 708 1524 frumentationum
732 1457 875 1524 modum
899 1457 1000 1543 longe
1023 1441 1203 1524 eioesaisse

46 1564 143 1632 Kuhn
168 1569 251 1635 satis
276 1569 530 1639 demonstravit.
556 1570 583 1657 ²)

84 1678 129 1745 De
162 1680 228 1748 hac
264 1705 299 1749 re
322 1684 403 1750 satis
436 1706 617 1772 superque.
664 1685 833 1752 Annonae
868 1705 951 1751 cura
981 1722 1026 1734 —
1056 1684 1093 1750 in
1129 1683 1206 1751 lati-

47 1810 128 1857 orem
150 1797 356 1863 sententiam
378 1797 587 1866 vocabulum
611 1819 703 1864 nunc
728 1798 859 1885 accipio
882 1835 926 1848 -
949 1798 1054 1865 etiem
1076 1798 1113 1862 in
1128 1818 1205 1863 mu-

48 1902 166 1991 nicipiis
198 1908 385 1978 invenitur.
408 1908 435 1999 8)
480 1912 559 1978 Non
589 1912 638 1978 ita
661 1917 855 1978 menstruae
881 1911 1046 1978 frumenti
1076 1909 1207 1995 largiti-

48 2035 125 2084 ones.
173 2019 301 2090 Omnes
338 2024 431 2090 enim
468 2025 527 2113 qui
570 2025 632 2092 has
664 2031 819 2113 peterent
852 2031 885 2091 et
916 2025 1092 2092 Romanos
1114 2023 1206 2090 cives

49 2149 106 2196 esse
128 2132 152 2220 ⁴)
186 2141 219 2200 et
254 2137 290 2202 in
325 2137 409 2204 urbe
442 2139 555 2205 Roma
581 2138 794 2205 domicilium
818 2137 944 2205 habere
969 2137 994 2226 ⁸)
1017 2135 1204 2225 oportebat.

49 2240 182 2314 lirantne
216 2251 320 2316 etiam
355 2252 441 2319 aliae
475 2252 718 2318 condiciones?
764 2252 805 2317 Iu
843 2252 907 2318 hac
943 2273 979 2318 re
1014 2273 1034 2317 a
1073 2250 1205 2336 vulgari

50 2357 190 2440 opinione
225 2363 416 2452 discrepare
452 2365 537 2432 mihi
571 2366 699 2433 videor.
734 2366 828 2432 Inter
860 2366 951 2432 viros
974 2364 1089 2431 doctos
1111 2363 1205 2430 enim

17 2537 19 2542 ,
51 2487 212 2542 commune
247 2483 307 2560 est,
335 2479 370 2544 si
404 2500 474 2544 non
510 2485 677 2546 antea-
700 2478 797 2545 initio
833 2477 887 2545 vel
919 2476 1049 2545 nobiles
1072 2482 1205 2565 partem

51 2600 131 2650 suam
163 2591 334 2675 postulare
368 2591 501 2659 licuisse
538 2591 638 2659 multi
671 2598 857 2659 autumant
890 2629 934 2641 -
968 2597 1057 2658 certe
1080 2591 1206 2658 iudea

54 2692 175 2766 Caesare
197 2704 408 2790 Augustove,
434 2707 494 2793 qui
517 2705 760 2793 accipientium
783 2727 968 2772 numerum
989 2704 1201 2772 circumscri-

54 2811 173 2895 pserint,
218 2818 256 2883 in
291 2818 391 2906 plebe
425 2819 583 2886 Romana
616 2842 688 2886 non
723 2819 788 2885 nisi
823 2818 1204 2905 egentissimum

56 2939 206 3014 quemque
230 2933 433 3020 participem
459 2934 561 3000 fuisse
585 2933 903 3000 frumentationum.
928 2931 954 3020 ο)
989 2932 1063 3017 Ego
1086 2937 1205 2999 contra

61 3097 232 3120 x-

80 3211 98 3274 ¹)
126 3219 159 3269 De
173 3223 216 3273 hec
231 3242 256 3276 re
279 3227 341 3276 infra
359 3225 443 3276 dicam.
477 3227 513 3276 Cf.
531 3226 601 3276 etiam
619 3227 731 3276 Momms.
747 3225 765 3275 l.
782 3226 800 3284 l,
819 3226 895 3291 Marq.
913 3226 930 3276 l.
949 3225 966 3275 l.
985 3242 1036 3290 pag.
1057 3227 1112 3276 125.

81 3295 98 3356 'l
126 3300 141 3350 l.
157 3303 173 3354 l.
189 3323 240 3373 pag.
259 3309 324 3358 1005
343 3326 422 3374 seqq-3
441 3309 517 3375 Marq.
534 3309 551 3359 l.
569 3309 587 3359 l.
604 3326 655 3375 pag.
675 3310 722 3358 126
741 3325 788 3374 seq.
818 3335 822 3341 ·

81 3377 97 3439 ³)
126 3384 158 3436 01.
175 3389 378 3457 Pauly-Wiasowa
395 3392 412 3442 l.
430 3392 448 3442 l.

83 3462 99 3519 ⁴)
126 3467 236 3524 Nonnulli
262 3480 362 3525 sumunt
387 3477 581 3525 frumentationes
609 3477 680 3525 etiam
702 3475 731 3524 ad
747 3491 832 3540 pueros
850 3476 992 3541 pertinuisse
1009 3476 1078 3541 (quin
1095 3476 1125 3525 ed
1141 3475 1205 3540 ipsas

58 3544 136 3605 puellas,
152 3553 258 3609 Nesseo.
278 3558 296 3607 l.
314 3575 366 3623 pag.
384 3559 426 3618 24)
443 3558 482 3607 vel
499 3547 559 3607 certe
575 3559 605 3608 sd
620 3557 734 3624 pupillos,
744 3574 814 3621 quam
824 3559 962 3607 senteutiam
972 3559 1000 3607 ad
1010 3557 1204 3623 persuadendum,

60 3623 96 3674 nisi
112 3631 179 3696 fallor,
195 3641 342 3692 accomodate
359 3642 510 3707 impugnavit
528 3641 632 3690 Hirschs.
650 3642 675 3690 in
694 3641 781 3690 Philol.
800 3640 817 3689 l.
836 3641 853 3690 l.
871 3657 922 3706 pag.
942 3641 956 3690 8
974 3657 1038 3704 seqq.
1056 3637 1204 3689 Commemo-

60 3718 124 3762 nutur
148 3735 199 3772 asne
222 3714 292 3790 pueri
317 3729 349 3787 (et
366 3724 467 3790 puellae)
483 3725 554 3774 incisi
571 3726 689 3774 frumento
706 3724 818 3789 publico;
836 3725 864 3773 de
881 3725 912 3773 iia
929 3729 1008 3773 tamen
1025 3723 1061 3787 egi
1078 3723 1105 3771 in
1122 3723 1204 3788 Capite

61 3788 83 3836 dc
95 3796 207 3855 llimcutis
222 3808 337 3873 publicis,
354 3808 411 3872 quia
427 3808 453 3856 in
470 3809 495 3857 id
511 3824 585 3872 genus
602 3808 777 3857 munificentiae
793 3807 874 3856 eadere
892 3807 1008 3855 videntur.

86 3875 101 3934 ‘l
129 3882 230 3941 Momms.
247 3893 319 3941 Ram.
336 3891 400 3940 Trib.
419 3907 470 3956 pag.
490 3891 545 3949 180,
564 3891 628 3948 184;
647 3890 752 3940 Hirsohl.
771 3890 788 3939 l.
806 3889 823 3938 l.
841 3905 892 3953 pag.
909 3890 981 3952 bseq.
991 3907 997 3945 ;
1008 3888 1085 3951 Marq.
1095 3887 1112 3936 l.
1123 3886 1139 3935 l.
1149 3903 1202 3952 pag.

62 3953 105 4008 12⁰·
128 3964 206 4021 Bolools
230 3980 311 4025 lamen
335 3974 389 4035 (Die
406 3973 571 4038 Bevdlkerung
587 3975 628 4023 der
644 3973 724 4037 grieoh
735 3976 804 4021 ·riim.
827 3971 891 4020 weit
908 3988 960 4036 pag.
977 3970 1036 4029 400)
1054 3986 1093 4019 eos
1109 3986 1202 4035 quoque

64 4043 162 4112 priapo.
184 4056 253 4108 luisse
281 4057 402 4106 contendit
427 4057 468 4121 qui
495 4073 589 4122 quoquo
614 4073 695 4106 versus
712 4055 788 4104 multa
805 4054 874 4104 milia
897 4070 1010 4120 pessum
1026 4053 1086 4102 circa
1103 4053 1201 4103 Romam

63 4118 176 4185 habitan.
207 4141 286 4206 qam
303 4141 438 4206 opinionem
457 4140 545 4190 arsur
561 4139 712 4189 rualenus
731 4137 748 4186 1.
766 4137 783 4186 1.
801 4153 853 4202 pag.
872 4138 912 4191 ro.

90 4206 105 4268 ⁸)
133 4211 177 4267 flor
199 4226 280 4275 teuent
304 4223 343 4273 vel
366 4222 516 4288 suspicantur
532 4222 633 4288 plurimi
651 4220 797 4271 recentiores.
833 4217 870 4269 Cf.
888 4219 1024 4270 Hirschfeld
1040 4219 1058 4270 l.
1075 4220 1110 4279 l.;
1127 4220 1202 4269 Sobil-

67 4282 93 4336 ler
113 4294 135 4345 in
151 4299 189 4354 Iu.
205 4323 226 4359 v.
243 4307 303 4359 M.'s
320 4305 416 4356 Haudb.
434 4305 476 4364 1v,
494 4305 528 4366 2¹,
545 4322 598 4371 pag.
617 4306 681 4363 let;
699 4301 821 4367 imprimis
840 4303 974 4353 Mommsen
991 4303 1020 4354 R.
1038 4303 1067 4354 G.
1084 4302 1134 4352 111⁸
1150 4319 1203 4368 pag.

1053 4394 1115 4461 10*
