3040 5134
841 549 884 614 90

278 733 396 793 tanam
419 725 517 792 etad
539 746 658 791 omnes
680 724 760 791 inde
785 725 877 792 cives
899 724 1092 811 portionem
1116 722 1362 811 aliquam-agri
1385 743 1439 808 pu·

279 839 359 906 blici
393 839 571 926 pervenire
605 837 770 904 debuisse.
817 838 918 918 Quod
951 839 1067 925 ipsum
1102 836 1354 924 quodammodo
1389 857 1440 901 vo

278 951 389 1018 luerat
411 952 468 1019 lex
490 951 632 1032 Licinia,
657 972 740 1016 nam
763 972 843 1017 cum
866 951 941 1036 agri
964 950 1094 1038 publici
1116 971 1321 1037 possessores
1335 950 1439 1033 singu·

281 1065 332 1131 los
353 1065 444 1131 intra
466 1071 598 1130 certum
622 1064 765 1130 modum
787 1063 970 1146 cohiberet,
994 1064 1022 1130 si
1045 1064 1090 1129 ad
1112 1063 1275 1130 effectum
1297 1063 1354 1130 lex
1373 1083 1440 1149 per-

284 1179 387 1245 ducta
421 1184 515 1259 esset,
550 1177 594 1243 ad
628 1177 702 1262 agri
737 1176 866 1264 publici
900 1177 1250 1244 communicationem
1274 1175 1332 1241 alii
1355 1175 1439 1240 dein·
1503 1167 1504 1178 ’

286 1313 364 1378 ceps
398 1290 524 1377 aliique
552 1290 723 1376 modoque
747 1291 934 1357 sufficiente
958 1290 1099 1356 tandem
1122 1289 1308 1376 aliquando
1331 1307 1439 1353 omncs

286 1404 378 1472 cives
411 1404 676 1490 pervenissent.''
703 1401 727 1491 ¹)
763 1403 810 1468 At
833 1403 939 1470 Gaius
958 1425 1090 1471 novum
1114 1402 1198 1490 quid
1220 1402 1258 1466 in
1281 1401 1438 1467 Romano

287 1539 365 1583 rum
398 1538 509 1582 mores
541 1517 742 1583 introduxit.
790 1516 876 1584 Inde
911 1517 954 1583 ab
978 1539 1017 1584 eo
1041 1515 1232 1603 populares
1258 1537 1337 1581 cum
1358 1514 1439 1580 locu-

286 1631 392 1719 pletes
427 1630 468 1695 de
492 1629 757 1716 possessionibus
779 1652 844 1696 usu
867 1631 974 1717 captis
998 1629 1166 1696 dimoveri
1189 1651 1259 1694 non
1284 1649 1376 1715 posse
1398 1625 1439 1692 vi·

285 1744 413 1824 derent,
438 1742 479 1808 de
502 1743 584 1829 ipsis
606 1743 747 1809 coloniis
771 1745 920 1829 agrarias
942 1743 1034 1828 leges
1056 1742 1218 1824 tulerunt,
1232 1741 1258 1829 ¹)
1281 1743 1328 1807 ita
1345 1747 1382 1806 ut
1392 1760 1440 1804 ne·

284 1857 432 1943 glectam
466 1862 568 1943 atque
603 1877 801 1943 oppressam
835 1856 971 1943 plebem
1004 1857 1042 1921 in
1074 1855 1215 1922 coloniis
1238 1855 1438 1921 collocarent.

284 1971 355 2036 Nec
375 1970 476 2035 Italia
499 1991 532 2035 se
556 1969 757 2035 continebat
780 1970 816 2035 Ο.
841 1969 1025 2050 Gracchus
1051 1969 1109 2034 sed
1132 1968 1265 2056 primus
1287 1969 1325 2033 in
1347 1973 1439 2032 trans

285 2084 436 2149 marinas
458 2083 613 2168 regiones
635 2082 784 2148 colonias
807 2083 973 2149 deducere
998 2082 1118 2169 coepit.
1164 2081 1337 2147 Rubrium
1355 2077 1440 2146 eolle-

286 2219 367 2282 gam
388 2196 532 2263 adduxit
555 2203 594 2260 ut
615 2194 730 2280 legem
753 2197 865 2277 ferret,
891 2217 959 2282 qua
983 2196 1153 2280 Carthago
1176 2195 1311 2261 colonia
1332 2192 1439 2260 conde·

288 2317 382 2376 retur
394 2332 401 2391 ;
416 2308 442 2397 8)
465 2310 537 2396 ipse
565 2308 721 2389 „colonos
744 2308 900 2395 Capuam
922 2315 956 2375 et
978 2309 1167 2374 Tarentum
1178 2308 1361 2374 mittendos
1376 2326 1439 2372 cen-

289 2423 387 2489 suit.''
404 2422 430 2510 ⁴)
465 2423 626 2488 Ceterum
649 2428 687 2487 ut
710 2422 838 2488 Tiberii
861 2422 973 2487 fratris
994 2422 1042 2488 ita
1064 2423 1149 2488 haec
1173 2421 1239 2487 Gai
1261 2421 1392 2508 incepta
1405 2416 1441 2483 ed

290 2537 396 2602 finem
418 2557 489 2601 non
511 2536 643 2602 venisse
668 2541 806 2601 senatus
829 2535 1079 2622 pervicaciam
1102 2556 1204 2601 causa
1222 2535 1297 2600 fuit.
1321 2533 1441 2600 Libere·

289 2649 367 2716 liter
403 2648 596 2735 pollicendo
620 2688 664 2699 —
688 2649 856 2735 promissa
889 2670 1071 2736 nunquam
1105 2648 1228 2714 effecta
1251 2655 1331 2714 sunt
1352 2685 1392 2696 -
1413 2644 1442 2709 O.

290 2763 485 2830 Gracchum
516 2763 668 2849 apposite
704 2768 841 2828 senatus
875 2763 958 2828 vicit
970 2785 977 2843 ;
1013 2784 1096 2826 nam
1125 2763 1224 2829 Livio
1248 2762 1358 2827 Druso
1380 2779 1444 2826 con-

291 2877 398 2956 cessit,
423 2882 462 2940 ut
481 2875 589 2962 plebis
602 2875 798 2940 animorum
811 2863 1104 2940 conciliandorum
1116 2896 1217 2940 causa
1229 2875 1271 2941 de
1292 2876 1349 2940 du
1361 2872 1444 2939 ode·

203 3079 204 3082 Ἴ
294 2990 384 3055 cim
419 2988 583 3054 ducendis
617 2987 758 3053 coloniis
781 2988 894 3074 legem
917 2989 1027 3069 ferret,
1052 2989 1090 3052 in
1112 3009 1197 3075 quas
1220 2987 1370 3073 singulas
1391 2983 1445 3050 tria

296 3101 392 3166 milia
414 3101 560 3186 inopum
574 3100 599 3187 ⁵)
623 3101 849 3167 mitterentur.
885 3102 962 3180 Qua
984 3123 1019 3167 re
1043 3101 1213 3188 imprimis
1228 3101 1353 3168 laetata
1364 3096 1445 3186 plebs

297 3213 444 3279 Gracchi
467 3212 559 3297 leges
582 3219 799 3279 contemnere
824 3214 944 3300 coepit.
959 3213 984 3299 ⁶)
1008 3214 1150 3280 Accedit
1171 3214 1264 3301 quod
1276 3213 1445 3286 Gracchus,

297 3327 325 3392 si
370 3325 554 3391 Plutarcho
589 3324 693 3390 fidem
728 3326 904 3408 habemus,
933 3328 1043 3412 magis
1076 3327 1314 3411 honestissimo
1338 3326 1446 3409 cuique

296 3440 334 3504 in
357 3438 503 3504 miseriis
526 3437 710 3504 subvenire
732 3440 903 3524 cogitabat
927 3463 1032 3528 quam
1055 3441 1225 3527 perditam
1248 3439 1448 3528 plebeculam

298 3551 448 3618 curabat.
473 3550 499 3637 l)

334 3744 350 3803 ¹)
367 3744 480 3793 Momms.
499 3743 525 3792 G.
543 3744 564 3792 Ι.
583 3744 610 3793 L.
629 3745 641 3792 l
658 3761 710 3809 pag.
729 3747 768 3794 89.

330 3827 349 3888 ²)
367 3827 404 3876 ef.
422 3827 502 3891 Marq.
519 3827 575 3876 Str.
593 3825 617 3876 1²
635 3843 686 3891 pag.
706 3829 745 3886 94,
765 3829 820 3878 105.

329 3911 349 3972 ³)
366 3909 427 3958 Vell.
446 3910 497 3958 Pet.
515 3910 535 3966 1,
555 3908 602 3967 15;
621 3909 684 3958 Plut.
704 3911 731 3958 C.
750 3912 847 3960 Gracoh.
868 3913 906 3970 10,
926 3913 965 3970 ll,
985 3913 1028 3971 14;
1039 3913 1141 3978 Appian.
1154 3915 1180 3962 B.
1191 3914 1247 3971 ul,
1259 3912 1393 3972 243Punic.
1404 3905 1450 3958 136.

331 3994 350 4054 ⁴)
367 3994 425 4040 Aur.
443 3991 504 4040 Vict.
524 3992 562 4040 et.
581 3991 618 4040 Of.
636 3993 707 4040 etiam
725 3994 777 4042 Liv.
797 3995 849 4043 Per.
870 3996 911 4044 LX
928 3999 951 4044 ct
969 3996 1033 4044 Plut.
1053 3997 1079 4045 O.
1098 3997 1195 4045 Gracch.
1215 3998 1238 4044 8.

334 4087 352 4147 ⁵)
371 4081 445 4150 ῃτῶν
464 4073 596 4158 ᾅπόρων”
615 4085 680 4134 Plut.
699 4088 787 4136 Locum
805 4091 858 4138 vide
876 4091 938 4140 infre
954 4092 1008 4140 adn.
1027 4091 1049 4142 7.

335 4169 354 4229 6)
372 4169 408 4218 cf.
427 4169 491 4218 Plut.
510 4171 536 4217 C.
555 4168 650 4216 Gracch.
671 4169 701 4227 e;
719 4173 822 4235 Appian.
841 4173 868 4221 B.
887 4175 913 4222 C.
931 4175 952 4231 1,
971 4174 1009 4222 23.

1187 4259 1281 4338 ψαντα
1301 4277 1347 4319 και
1369 4247 1451 4315 τοὺς
