3040 5134
584 631 693 700 155.

34 815 194 894 egentem.
219 809 245 899 ²)
280 809 374 890 Quid
408 809 761 892 temenbubetmiri,
786 810 982 878 cumidem
1005 809 1073 877 dici
1095 809 1200 898 possit

35 914 71 980 de
93 915 166 1002 ipsa
185 915 287 1003 plebe
310 916 458 1003 ipsisque
481 915 637 1003 plebeis?
671 915 799 982 Omnes
823 916 883 1004 qui
905 921 1099 1003 equestrem
1121 937 1199 984 cen·

36 1049 105 1094 sum
127 1050 196 1095 non
221 1027 405 1111 habebant,
429 1029 524 1116 plebs
546 1035 654 1096 erant.
680 1028 707 1116 ⁹)
751 1030 848 1096 Inter
870 1050 1019 1098 ecssane
1032 1035 1130 1097 erant
1143 1029 1201 1096 hc·

36 1142 147 1224 mines,
172 1143 233 1230 qui
256 1142 415 1209 nonnihil
439 1142 619 1211 valebant:
643 1141 669 1230 ι)
693 1149 866 1210 ettamen
891 1143 1012 1210 eadem
1034 1141 1202 1210 vocabula

35 1255 120 1339 plebe,
141 1255 244 1342 plebei
266 1255 521 1342 usurpabantur
543 1256 587 1322 ad
610 1255 858 1342 designandam
881 1256 954 1322 sine
978 1255 1117 1322 nomine
1130 1262 1200 1323 tur·

38 1366 119 1434 bam.
165 1369 260 1434 Num
280 1369 360 1434 sotis
382 1357 581 1436 coticlusum
605 1369 740 1436 videtur
764 1369 863 1436 tribus
884 1389 1003 1437 vocem
1018 1367 1201 1456 specialem

38 1481 204 1566 quandam
227 1481 512 1567 significationem
535 1482 703 1564 babuisse,
724 1483 833 1550 immo
857 1482 966 1550 tribus
985 1481 1201 1568 fuisseegen·

37 1594 117 1660 tium
153 1595 320 1682 quaedam
355 1596 523 1682 corpora?
556 1597 708 1662 Tantum
741 1596 835 1663 abest
858 1601 897 1662 ut
922 1596 988 1662 boc
1009 1595 1058 1662 its
1083 1596 1135 1679 sit,
1160 1601 1199 1662 ut

38 1707 263 1795 compluribus
295 1708 377 1776 locis
411 1710 525 1777 variae
563 1715 875 1776 commemorentur
919 1709 1195 1792 necessitudines,

40 1821 156 1907 quibus
189 1822 327 1888 ditiores
357 1823 447 1889 inter
479 1822 619 1890 tribules
642 1844 722 1890 cum
746 1822 1006 1910 pauperioribus
1026 1822 1201 1889 coniuncti

40 1940 151 2001 essent.
174 1936 200 2022 ⁴)
223 1936 336 2002 Immo
355 1935 490 2023 saepius
512 1935 659 2022 legimns
682 1937 724 2002 de
748 1936 900 2003 statuisa
913 1935 1096 2003 tribulibus
1112 1935 1202 2002 dica·

40 2048 86 2125 tis,
111 2048 152 2113 dc
174 2049 329 2136 pecuniis
351 2049 458 2116 abiis
481 2049 620 2132 collatis,
645 2050 756 2138 deque
780 2049 950 2117 similibus
974 2048 1085 2131 rebus,
1111 2069 1200 2136 quse

41 2161 191 2227 videntur
213 2161 257 2229 ab
280 2162 440 2249 inopibus
463 2163 575 2229 aliena
598 2185 679 2231 esse.
704 2163 730 2247 ὗ)
754 2163 914 2230 Ceterum
939 2162 1057 2250 quaeri
1081 2167 1201 2248 potest,

43 2275 125 2359 quod
161 2275 198 2340 in
239 2276 351 2342 utente·
384 2281 434 2342 est
469 2276 662 2362 probatum,
698 2277 778 2344 idne
813 2276 849 2341 in
887 2276 972 2342 triba
999 2275 1137 2363 probari
1160 2275 1204 2341 sit

42 2407 175 2455 neeesse.

81 2501 124 2566 At
155 2501 326 2589 siquidem
363 2503 400 2568 in
424 2503 571 2588 Digestis
593 2504 727 2591 saepius
751 2503 897 2588 legimus
920 2501 962 2568 de
986 2500 1077 2568 tribu
1103 2506 1203 2568 tesse-

43 2633 113 2680 rave
146 2616 370 2682 frumentaria
392 2655 436 2666 —
460 2638 547 2703 quae
582 2616 687 2685 verba
722 2624 759 2683 ut
794 2638 896 2683 causa
930 2621 963 2682 et
992 2620 1135 2683 eventus
1159 2636 1204 2681 ex

44 2729 214 2811 posteriore
245 2730 410 2796 sermonis
433 2751 498 2796 usu
521 2729 740 2818 aliquomodo
762 2730 855 2796 idem
879 2727 1041 2796 valebant
1065 2727 1091 2815 6)
1114 2765 1159 2778 -
1182 2749 1204 2794 a

45 2838 179 2908 dominis
202 2842 332 2909 libertis
354 2844 423 2909 suis
445 2843 565 2928 legatis
588 2843 643 2910 vel
666 2843 710 2909 ab
732 2843 814 2930 ipsis
835 2842 1004 2909 libertinis
1026 2841 1159 2928 emptis,
1174 2839 1202 2930 ⁷)

46 2967 223 2980 -ᾗ-

44 3032 90 3065 cum
104 3021 207 3070 credatur
223 3021 305 3085 pensio
322 3036 349 3070 ea
365 3037 503 3085 pauperum.
521 3022 559 3070 his
577 3022 603 3070 in
620 3021 670 3071 solo
688 3037 787 3086 sponsor
803 3025 838 3070 est
855 3023 878 3069 ct
895 3019 938 3070 snb
956 3020 994 3070 die
1014 3019 1105 3068 reditus
1118 3033 1201 3084 euper-

45 3100 141 3166 ficiesque
157 3103 221 3153 caelo
238 3120 386 3169 quocumque
402 3105 532 3170 gaudeus.”

76 3183 90 3241 Ι)
119 3187 154 3235 Ad
171 3187 273 3252 priorem
291 3187 370 3236 locum
387 3191 454 3237 vetus
472 3189 603 3252 interpres:
620 3186 742 3252 „Tritum
754 3186 849 3251 Algenti
859 3191 882 3236 et
892 3186 996 3236 horrenti
1006 3185 1094 3251 frigore
1102 3184 1201 3251 pauperi

45 3265 141 3317 tributim
157 3275 180 3318 ct
196 3271 272 3335 capite
288 3269 381 3319 censo.”
400 3299 431 3307 —
441 3271 478 3319 Ad
487 3270 603 3320 alterumr
622 3271 743 3336 „Pellem
753 3271 810 3334 ein]
821 3271 952 3321 Dellcccatr
961 3273 1022 3335 toga,
1031 3286 1079 3334 qua
1093 3269 1203 3327 amictus,

47 3349 128 3400 effertur
143 3353 256 3418 pauper.’'

74 3431 90 3492 ⁷)
120 3434 178 3484 Vide
201 3435 272 3500 Voigt
287 3435 314 3484 in
329 3436 371 3484 Iw.
390 3453 413 3485 v.
431 3435 488 3485 M.'s
505 3435 601 3487 Handb.
619 3436 661 3496 IV,
679 3435 714 3493 2²,
731 3451 784 3501 pag.
803 3435 868 3496 3373
886 3435 987 3501 Herzog,
1005 3435 1089 3485 Gcscb.
1107 3449 1124 3484 u
1141 3435 1203 3499 Syrt.

47 3511 66 3559 d.
80 3520 133 3566 rim.
150 3519 291 3577 Staatsmrl,
313 3519 325 3566 l
341 3535 393 3584 pag.
412 3517 477 3568 1052
495 3535 543 3584 seq.

74 3596 92 3658 Ι)
122 3600 157 3650 Of.
176 3601 268 3665 Herzog
284 3600 302 3650 l.
320 3600 337 3650 1.

75 3681 93 3741 1)
123 3683 157 3732 Cf.
183 3684 232 3734 Cic.
250 3683 298 3733 Pro
315 3684 366 3734 Sex.
384 3685 452 3734 Rosc.
470 3685 510 3744 10,
529 3683 577 3742 47;
595 3684 642 3734 Pro
659 3685 724 3734 Mur.
743 3684 783 3742 33,
802 3685 850 3742 0ος
869 3683 908 3742 34,
927 3683 975 3742 ‘iffi
994 3683 1034 3742 35,
1052 3682 1100 3740 73)
1117 3682 1155 3730 Ad
1173 3681 1203 3746 Q.

50 3759 111 3814 latr.
135 3767 179 3824 lll,
206 3768 228 3825 l,
255 3768 286 3826 1;
305 3767 363 3817 Hor.
381 3768 425 3833 up.
443 3768 463 3825 Ι,
482 3767 522 3825 13,
541 3768 588 3826 15;
606 3768 669 3817 Suet.
686 3769 747 3830 Aug.
766 3769 815 3825 40;
833 3767 915 3816 Madv.
932 3767 949 3816 l.
967 3766 984 3816 1.
1005 3782 1057 3830 pag.
1076 3765 1124 3813 103
1142 3781 1203 3829 soq.;

50 3843 130 3913 Herzog
145 3849 161 3899 l.
178 3850 195 3900 l.
210 3866 262 3916 pcg.
282 3851 345 3900 1021
365 3867 445 3915 seqq.;
463 3851 575 3900 Monimo.
592 3851 647 3901 StR.
666 3851 704 3900 lll
721 3867 773 3916 pag.
793 3850 841 3899 130
855 3866 919 3915 seqq.

78 3929 94 3989 ι)
124 3932 201 3984 010.
219 3935 239 3982 I.
258 3934 284 3984 L.
302 3933 343 3990 VI,
362 3934 411 3982 980
428 3939 470 3994 (ι-
488 3934 587 3983 Henzen
606 3928 1204 3995 ella),1104(=0n1111000t;8uet.lugtt.

52 4008 132 4063 l'itnlus
148 4017 173 4065 0.
190 4017 210 4066 1.
228 4017 255 4066 L.
275 4018 316 4075 Vl,
335 4017 400 4066 1104
417 4017 514 4066 iteratus
531 4021 601 4081 atque
617 4017 753 4066 emendatus
767 4015 854 4080 legitur
871 4016 959 4065 ibidem
976 4031 1028 4080 pag.
1047 4014 1103 4062 344.

78 4095 93 4152 ⁸]
126 4100 232 4150 Momms.
259 4100 276 4150 l.
295 4100 311 4150 l.
335 4116 387 4165 psg.
414 4101 462 4153 447
489 4102 543 4151 adu.
569 4102 601 4148 4:
633 4101 762 4165 „Hiufiger
789 4099 857 4157 uim,
876 4100 919 4148 wie
935 4115 959 4148 os
977 4098 1068 4148 rebciut
1085 4095 1160 4161 vdllig
1178 4097 1204 4144 in

54 4173 168 4231 densclbcn
185 4184 244 4232 Sina
261 4184 306 4232 wis
323 4184 406 4241 tritus,
424 4187 512 4232 tessera
523 4183 689 4248 frumentaria
706 4184 792 4246 gcsctzt
807 4181 872 4245 (cip.
892 4184 915 4241 5,
933 4182 957 4240 1,
976 4182 1015 4240 52,
1035 4181 1057 4230 l.
1076 4179 1116 4239 31,
1127 4179 1167 4238 49,
1182 4179 1203 4228 1.

55 4257 67 4305 l·
82 4260 107 4314 u
123 4266 189 4328 pr.).”

80 4340 98 4404 1)
127 4347 191 4400 Ooal.
208 4353 299 4416 praeter
316 4349 379 4399 locos
396 4350 422 4399 in
439 4349 546 4416 proxime
562 4349 710 4398 eoncedente
726 4347 875 4396 adnotatione
892 4346 947 4412 Dig.
964 4347 1064 4406 XXXII,
1082 4347 1113 4396 35
1131 4361 1166 4412 pr.

1054 4436 1116 4504 11*
