3040 5134
816 673 819 682 ,
846 609 909 676 156

295 787 470 876 quaeritur
503 808 616 853 nonne
651 785 893 873 posterioribus
928 793 1018 854 certo
1045 787 1183 874 imperii
1206 787 1355 854 Romani
1377 793 1452 854 tem-
1518 804 1519 842 1

293 901 433 988 poribus
483 901 766 967 frumentationes
813 900 941 966 fuerint
981 901 1157 986 egentium
1203 901 1371 989 quaedam
1404 923 1453 968 ou·

292 1037 340 1081 ra.
365 1011 390 1101 ¹)
435 1013 594 1080 Primum
630 1034 770 1080 monere
793 1012 899 1080 velim
923 1013 1108 1100 posteriora
1130 1013 1191 1081 illa
1214 1021 1367 1102 tempora
1389 1037 1452 1082 non
1518 1067 1519 1070 η

292 1126 440 1214 amplius
461 1125 505 1193 ad
529 1126 740 1214 propositum
763 1148 881 1194 meum
905 1127 1084 1214 pertinere.
1108 1126 1156 1192 At
1178 1150 1259 1194 cum
1282 1129 1352 1194 iam
1365 1128 1453 1194 Scae·

293 1240 380 1323 vola,
406 1239 466 1327 qui
488 1239 604 1306 Marco
627 1239 768 1306 Aurelio
791 1248 956 1324 regnante
980 1241 1078 1322 vixit,
1103 1240 1229 1308 scribat
1252 1241 1294 1308 de
1319 1248 1450 1329 patrono
1514 1263 1519 1322 μ

294 1353 354 1442 qui
379 1351 520 1435 ,liberto
543 1353 658 1418 statim
681 1353 811 1419 tribum
834 1353 903 1419 emi
930 1353 1094 1440 petierat’'
1120 1361 1154 1420 et
1173 1354 1214 1421 de
1230 1355 1414 1421 commodis
1424 1361 1452 1420 et
1511 1372 1514 1383 ·

293 1464 539 1553 principalibus
560 1464 831 1548 liberalitatibus,
855 1465 882 1554 l)
909 1488 1014 1553 „quas
1025 1466 1168 1534 libertus
1181 1489 1225 1534 ex
1238 1468 1359 1534 eadem
1371 1467 1451 1534 tribu

293 1579 461 1665 usquein
485 1577 577 1645 diem
600 1579 719 1645 mortis
741 1601 821 1646 suae
845 1587 1087 1646 consecuturus
1110 1581 1260 1662 fuisset,''
1276 1580 1450 1668 ³)eumque
1518 1633 1519 1639 κ

293 1691 475 1779 praeterita
497 1692 631 1778 saepius
652 1691 866 1759 illustrentur
885 1693 1061 1779 proximis,
1074 1693 1168 1760 haud
1181 1694 1364 1780 indignum
1377 1693 1451 1760 mihi

294 1805 429 1873 videtur
452 1804 493 1871 de
517 1805 582 1871 hac
606 1826 803 1893 quoquere
827 1826 937 1892 pauca
960 1806 1082 1873 dicere.
1153 1786 1155 1790 ¹

325 1919 394 1998 Qui
406 1919 492 1986 bene
506 1918 693 2004 distinguit,
704 1918 789 1985 bene
802 1919 909 1986 docet.
923 1920 1072 1988 Concedi
1084 1926 1289 2007 potesttunc
1303 1921 1450 2008 temporis
1513 1901 1519 1952 Ὺ

292 2033 455 2111 intereos,
466 2033 526 2120 qui
535 2033 747 2099 frumentum
755 2032 932 2119 publicum
941 2033 1450 2121 perciperent,permultosluisse
1518 2073 1519 2094 ;

293 2152 439 2232 egentes,
464 2167 527 2212 nec
550 2153 667 2213 tamen
690 2147 844 2234 sequitur
867 2153 905 2212 ut
929 2147 1066 2214 ditiores
1089 2147 1179 2214 inter
1191 2146 1342 2234 plebeios
1353 2153 1450 2214 essent

293 2259 432 2326 exclusi.
452 2259 478 2346 ⁴)
501 2260 614 2326 Immo
633 2260 747 2347 ipsum
771 2281 896 2326 nomen
920 2259 1029 2326 tribus
1052 2266 1086 2326 et
1108 2261 1182 2348 ipsa
1204 2260 1297 2327 illius
1320 2268 1449 2328 tesserae
1518 2285 1519 2322 1

327 2413 346 2474 ι)
381 2413 418 2462 Cf.
444 2413 555 2463 Momms.
588 2413 605 2464 l.
623 2414 639 2463 l.
666 2431 718 2478 pag.
736 2415 800 2467 447:
819 2415 879 2480 ,Die
896 2415 1052 2479 Behendlung
1070 2416 1110 2464 der
1126 2415 1213 2464 'l'rihus
1231 2414 1269 2464 bei
1287 2416 1341 2465 dem
1357 2416 1449 2464 Juriatcn
1518 2431 1519 2434 ¹

293 2496 402 2545 Scaevola
426 2511 468 2545 aua
491 2496 575 2548 Kaisar
595 2497 689 2546 Meroua
714 2498 765 2546 Zcit
780 2497 816 2546 als
833 2497 897 2547 einer
913 2497 1034 2547 erblichen
1051 2500 1101 2547 und
1116 2498 1297 2563 ihertragbaren
1315 2499 1449 2553 Staatsrente,

294 2579 320 2628 in
347 2579 435 2626 welche
453 2615 608 2629 .......
635 2580 753 2629 Peraencu
775 2581 885 2630 niederen
911 2583 1010 2630 Standcs
1035 2582 1086 2630 sich
1103 2582 1240 2630 einkaultcn
1257 2583 1313 2631 oder
1329 2580 1450 2645 eingclault
1518 2625 1519 2630 ,

293 2662 390 2710 worden
408 2662 457 2710 und
474 2662 548 2710 durch
564 2662 652 2711 welche
668 2679 726 2727 ganz
743 2663 890 2727 gewiihnlioh
909 2665 949 2712 der
966 2665 1053 2714 Patron
1070 2665 1104 2713 im
1120 2666 1255 2714 Testamcnt
1272 2665 1352 2714 seinen
1368 2664 1448 2727 Frcige-

296 2743 402 2793 lassenen
420 2745 471 2793 eine
488 2745 611 2795 Leibrente
628 2747 770 2804 verechaffte,
788 2763 814 2795 so
830 2748 883 2796 dass
900 2747 926 2796 in
944 2748 985 2797 der·
1002 2747 1144 2812 Hauptstedt
1160 2764 1190 2797 an
1207 2749 1246 2796 die
1257 2748 1345 2797 Tribus
1353 2747 1452 2796 achlieas--
1518 2771 1519 2776 =

295 2827 343 2876 lich
360 2828 399 2877 die
416 2828 566 2894 Vorstellnng
582 2831 623 2878 der
639 2832 873 2895 Armenvcrsorgung
889 2831 941 2880 sich
957 2831 1098 2896 ankniipst.”

330 2910 349 2972 Ξ)
382 2910 448 2975 Quae
473 2928 515 2960 cur
539 2913 722 2962 extraordinaria
747 2918 839 2963 tantum
865 2915 925 2962 dona
942 2915 1015 2962 luisse
1032 2914 1165 2963 Mommsen
1183 2915 1246 2964 dicat
1263 2915 1290 2976 (l.
1308 2913 1326 2964 l.
1343 2931 1391 2979 pag.
1407 2913 1449 2959 444
1518 2955 1519 2958 ,

294 3010 348 3043 cum
365 2995 419 3043 adn.
437 2998 470 3054 4),
488 3011 535 3044 non
553 2995 684 3060 perspicio;
702 2996 754 3044 aine
771 2997 843 3044 dubio
860 2997 991 3047 ordinariae
1008 2998 1201 3046 frumentationes
1210 2998 1284 3047 simul
1293 2995 1449 3060 intellegendae
1518 3039 1519 3042 ,

294 3093 343 3126 esse
359 3077 420 3126 mihi
437 3077 556 3134 videntur,
573 3077 648 3126 immo
664 3078 708 3126 hae
724 3078 763 3127 vel
779 3080 887 3129 maxime.

326 3159 347 3221 ³)
380 3160 435 3223 Dig.
452 3159 551 3219 XXXII,
569 3161 600 3208 35
619 3177 654 3224 pr.

326 3243 346 3304 ⁴)
380 3243 434 3292 Non
467 3241 663 3303 obliviscendum,
689 3245 709 3293 ai
733 3261 781 3294 rem
806 3246 941 3295 universam
968 3250 1063 3311 spectes,
1089 3246 1214 3311 postremis
1240 3246 1335 3310 imperii
1361 3243 1449 3294 Romani

293 3325 393 3374 saeculis
425 3317 542 3374 Romanos
574 3326 650 3376 multo
680 3328 761 3377 minua
784 3329 868 3393 opibus
894 3334 916 3378 et
944 3329 1017 3393 copiis
1043 3329 1148 3378 floruisse
1173 3344 1244 3392 qnam
1271 3335 1344 3378 antea.
1377 3326 1449 3376 Plebea

292 3410 376 3468 media,
395 3425 454 3473 qnae
471 3409 565 3468 dicitur,
582 3427 654 3475 paene
671 3414 719 3460 tote
736 3417 852 3474 corruerat
877 3413 1044 3462 Remanserant
1061 3429 1115 3462 aene
1133 3413 1201 3478 pauci
1210 3413 1302 3477 aliquot
1313 3411 1448 3478 praedivite,
1517 3401 1519 3488 ζ

292 3493 332 3541 red
354 3497 445 3558 praeter
460 3492 503 3542 hoa
520 3493 607 3542 Romae
624 3495 654 3542 nd
671 3491 801 3544 extremum
819 3512 867 3545 non
885 3497 932 3545 nisi
950 3501 1041 3561 egentes
1059 3497 1138 3545 vivere
1156 3496 1301 3546 videbantur.
1336 3497 1372 3546 Cf.
1388 3507 1450 3558 supra
1517 3523 1519 3560 2

291 3592 343 3640 pag.
370 3576 401 3624 50
428 3593 491 3641 seqq.
517 3582 540 3625 et
562 3577 632 3642 Voigt
657 3577 684 3626 in
710 3578 751 3627 lw.
778 3595 799 3627 v.
819 3578 874 3627 M.’a
892 3579 985 3628 Handh.
1004 3580 1044 3636 lv,
1065 3580 1100 3638 22,
1117 3583 1169 3645 pag.
1188 3579 1252 3628 430:
1272 3580 1340 3644 „Von
1357 3577 1448 3628 solohen
1518 3571 1519 3580 ¹

290 3659 431 3724 Riiclrgangc
448 3660 488 3708 dea
505 3659 737 3710 Vollrswohlatandes
755 3663 818 3710 ward
835 3662 1000 3712 remchmlich
1011 3663 1052 3711 der
1061 3662 1209 3712 Mittclstand
1217 3663 1262 3711 mit
1271 3661 1347 3712 voller
1355 3660 1449 3710 Schwere

290 3742 418 3792 hctroffen:
445 3743 556 3792 wihrend
581 3744 621 3792 der
638 3744 725 3792 Reiche
742 3745 767 3792 i'n
787 3746 839 3794 dem
856 3745 1066 3794 wirtschastlichcn
1083 3746 1244 3810 Niedcrgange
1262 3745 1362 3794 vielsech
1378 3743 1448 3793 acinon

288 3825 367 3874 Beaitz
392 3842 421 3874 zu
446 3825 579 3891 hehaupten
605 3827 746 3887 vermoohte,
772 3828 872 3876 versank
890 3830 930 3877 der
947 3834 1031 3877 cratere
1047 3828 1187 3878 nllmiihlich
1204 3829 1229 3877 in
1247 3828 1397 3892 Diirftiglreit,
1412 3840 1447 3873 ana

287 3908 387 3958 welcher·
412 3909 463 3958 sich
489 3910 737 3974 emporauschwingen
763 3927 809 3960 nur
833 3912 948 3975 nauigari,
974 3913 1047 3960 durch
1069 3912 1150 3976 eigene
1166 3912 1318 3976 luentigkeit
1333 3913 1387 3960 oder
1401 3923 1447 3957 roro

287 3991 378 4040 Gliiolre
394 3993 565 4056 Begiinstigten
583 3993 686 4057 mhglieh
705 3995 775 4052 ward,
794 4011 903 4059 wogegen
912 3995 950 4043 die
959 4011 1038 4058 grosse
1048 3996 1125 4044 Messe
1134 3995 1159 4044 in
1169 3995 1304 4045 driiclrende
1312 3998 1395 4045 Armet
1403 4007 1445 4040 ver·

286 4075 329 4124 fiel
347 4111 472 4126 ........
491 4076 546 4125 Und
564 4077 645 4125 indem
663 4092 688 4125 ao
705 4077 782 4127 einem
800 4078 826 4126 in
838 4078 879 4126 der
889 4077 959 4126 Hand
968 4078 1086 4128 einzelner
1094 4079 1210 4128 h'amilien
1219 4080 1363 4144 vereinigten
1372 4076 1445 4128 Reieh·

286 4162 352 4206 turne
368 4157 407 4206 die
424 4174 503 4222 grosse
520 4159 599 4208 Messe
616 4160 657 4207 der
674 4175 703 4208 zn
721 4159 873 4224 Diirftiglreit,
889 4161 914 4224 ja
931 4177 960 4210 nu
977 4158 1063 4210 Armet
1074 4162 1446 4227 Verurteiltengcgeuiihertrat,s0

285 4241 428 4291 reraohtrltc
445 4243 495 4291 sich
513 4243 588 4292 demit
604 4244 645 4292 der
662 4243 810 4292 iihcrliescrte
827 4244 939 4292 Kontraat
956 4261 1002 4293 von
1019 4245 1083 4293 reich
1100 4245 1150 4294 und
1166 4261 1224 4304 nrm,
1241 4245 1279 4294 die
1297 4241 1446 4295 letatereunit

285 4325 397 4377 bitterem
415 4324 490 4376 Haase
506 4325 580 4375 wider
596 4326 635 4374 die
651 4330 754 4375 crateron
771 4326 913 4377 erliillend.''
931 4327 1009 4376 Etiam
1026 4329 1130 4377 conform
1147 4327 1280 4378 Pdhlmann
1291 4346 1311 4377 o.
1322 4325 1444 4396 l.pag.4'l=
