3122 5130
854 569 874 632 8

277 767 375 811 mum
399 743 569 810 rationem
590 746 745 818 habitam
768 768 838 813 esse
864 746 924 833 qui
946 746 1098 812 maxime
1115 750 1264 831 egerent,
1277 743 1344 811 viri
1355 744 1448 812 docti

279 857 339 945 qui
372 857 586 924 contendunt
620 859 808 926 admodum
842 857 990 925 exilibus
1025 857 1237 944 argumentis
1270 857 1334 923 niti
1358 857 1444 925 mihi

278 958 469 1038 videntur(
495 971 605 1040 Multo
628 972 744 1038 minus
766 972 834 1038 tale
859 972 943 1058 quid
967 971 1130 1038 affirmari
1153 970 1258 1058 possit
1281 970 1322 1036 de
1342 971 1445 1038 variis

278 1082 509 1165 sollemnibus,
546 1085 665 1172 epulis,
701 1084 880 1151 similibus.
925 1085 1039 1151 Immo
1075 1106 1145 1150 non
1168 1105 1244 1150 raro
1271 1082 1383 1165 fiebat,
1408 1090 1445 1149 ut

279 1196 341 1283 qui
372 1196 409 1262 in
443 1197 571 1264 honore
606 1206 725 1281 essent,
761 1198 961 1265 decuriones
995 1204 1079 1285 puta
1112 1196 1248 1283 aliique,
1282 1218 1343 1282 pro
1373 1202 1444 1262 rata

278 1315 373 1396 parte
397 1309 543 1396 duplum
565 1312 768 1398 acciperent.

322 1421 399 1487 Iam
422 1423 496 1489 dixi
518 1423 682 1498 alimenta
705 1425 845 1513 propius
868 1425 1043 1492 accessisse
1066 1424 1110 1490 ad
1133 1444 1252 1490 veram
1271 1423 1446 1508 egentium

197 1606 202 1616 ,
279 1556 408 1601 curam.
454 1536 505 1602 De
542 1558 662 1604 eorum
699 1545 823 1605 natura
856 1538 927 1604 iam
960 1538 1099 1624 iamque
1122 1536 1188 1602 tria
1212 1534 1317 1603 verba
1340 1535 1446 1601 dictu·

150 1675 152 1682 ’
280 1669 337 1713 l'US
361 1670 447 1715 sum.

324 1762 453 1829 Notatu
476 1763 716 1849 dignissimum
740 1765 826 1830 mihi
849 1764 994 1845 videtur,
1010 1764 1102 1851 quod
1115 1763 1255 1850 quidem
1267 1783 1330 1847 ego
1343 1762 1445 1828 sciam

281 1874 420 1942 nullum
449 1877 634 1963 vestigium
657 1899 820 1965 apparere
845 1899 956 1958 curae,
982 1898 1088 1963 quam
1111 1877 1300 1943 sacerdotes
1322 1873 1447 1941 habue-

281 1990 350 2055 rint
384 1991 637 2077 pauperiorum.
685 1991 839 2058 Fortasse
862 1989 960 2057 atali
984 2012 1064 2056 cura
1088 2010 1159 2056 non
1182 1989 1332 2055 multum
1356 1987 1447 2054 abest
1549 2081 1550 2084 Ἴ

280 2102 316 2169 id
351 2103 443 2191 quod
474 2105 578 2170 tradit
611 2105 722 2172 Varro
757 2105 798 2171 de
822 2126 920 2192 pane,
948 2105 1008 2190 qui
1032 2103 1130 2190 quasi
1152 2124 1258 2189 opaca
1281 2105 1445 2170 vetustate

281 2217 376 2283 haud
406 2216 508 2283 dubie
541 2217 740 2284 curantibus
775 2217 942 2284 aedilibus
965 2216 1073 2304 plebis
1100 2216 1277 2297 „daretur”
1301 2215 1344 2280 iis
1370 2213 1447 2301 ,qui

282 2351 345 2417 ope
379 2330 574 2416 indigerent
607 2338 642 2398 et
676 2331 720 2398 ad
743 2331 878 2416 asylum
901 2331 1031 2397 Cereris
1053 2329 1316 2414 confugissent.'’
1344 2327 1369 2416 1)
1404 2327 1449 2392 At
1550 2369 1551 2402 ,

283 2447 418 2540 praeter
441 2444 528 2510 haec
551 2444 669 2511 brevia
680 2443 787 2511 verba
800 2445 965 2512 Varronis
976 2445 1018 2510 de
1031 2444 1095 2510 hac
1108 2465 1143 2510 re
1155 2441 1243 2508 nihil
1255 2448 1378 2508 notum
1390 2447 1447 2508 est.
1550 2445 1551 2450 ’

316 2556 429 2636 Quod
462 2557 507 2624 ad
541 2558 700 2644 privatos,
737 2564 786 2624 et·
804 2558 895 2645 ipsis,
920 2564 1088 2645 quatenus
1115 2556 1224 2644 plebis
1251 2556 1385 2622 animos
1406 2554 1447 2620 ad

284 2669 561 2737 benevolentiam
595 2670 800 2753 alliciebant,
836 2671 933 2738 nulla
970 2692 1071 2737 causa
1094 2676 1175 2752 erat,
1199 2691 1261 2736 cur
1279 2669 1450 2754 egentissi-

284 2804 382 2848 mum
417 2804 589 2870 quemque
624 2785 775 2850 maxime
806 2785 965 2852 colerent.
1011 2785 1082 2850 Nec
1106 2783 1330 2850 clientela-
1353 2782 1451 2848 nimi-
1551 2769 1552 2806 ³

285 2918 363 2962 rum
386 2897 529 2984 antiqua
550 2896 610 2963 illa
633 2898 720 2963 nihil
744 2898 812 2964 hcc·
831 2899 905 2966 loco
928 2899 1059 2964 utimur
1081 2936 1125 2946 —
1148 2898 1192 2962 ad
1208 2896 1385 2982 egentium
1397 2916 1452 2962 cu-

285 3032 360 3076 ram
394 3011 594 3097 pertinebat.
642 3011 708 3078 Sed
733 3012 826 3098 quod
848 3013 885 3078 in
907 3011 1044 3099 publica
1067 3011 1197 3078 ratione
1221 3008 1450 3097 probavimus

284 3123 321 3189 id
353 3145 424 3189 non
463 3125 577 3192 minus
611 3125 648 3190 in
682 3125 824 3212 privatis
856 3124 993 3212 probari
1027 3145 1161 3190 necesse
1197 3129 1256 3203 est,
1287 3122 1367 3189 licet
1389 3123 1452 3187 for-

285 3244 371 3302 tasse
396 3259 468 3303 non
490 3239 655 3319 consulto,
680 3246 715 3304 at
738 3260 773 3304 re
793 3238 959 3305 beneficia
984 3237 1130 3325 quaein
1154 3258 1293 3303 omnem
1317 3235 1452 3322 plebem

286 3351 529 3433 conferrentur,
566 3353 609 3417 ad
643 3353 762 3440 inopes
793 3374 929 3440 quoque
949 3351 1154 3418 redundasse
1179 3370 1366 3437 eorumque
1391 3355 1452 3415 sta-

285 3470 361 3529 tum
384 3464 587 3532 sublevasse.
628 3458 631 3464 ’

330 3578 451 3644 Unum
480 3600 552 3644 non
574 3579 928 3666 praetermittendum,
953 3585 987 3644 et
1008 3577 1146 3665 publica
1168 3574 1309 3642 consilia
1332 3583 1366 3640 et
1388 3575 1454 3661 pri-

285 3697 445 3758 vatorum
490 3693 764 3760 munificentiam
804 3692 873 3758 fere
908 3691 952 3758 ad
988 3691 1075 3757 solos
1108 3690 1199 3757 cives
1230 3687 1452 3776 pertinuisse:

286 3826 362 3871 raro
397 3805 536 3872 illorum
571 3828 708 3894 quoque
732 3805 922 3873 rationibus
944 3804 1212 3892 prospiciebatur
1235 3802 1295 3890 qui
1318 3801 1454 3868 civitate

287 3940 358 3985 non
381 3919 592 3986 fruebantur.

333 4122 488 4210 Adiungi
522 4130 632 4209 potest
668 4123 820 4210 quaestio
855 4122 897 4188 de
931 4121 1050 4208 populi
1077 4119 1226 4186 Romani
1249 4118 1402 4185 moribus
1425 4124 1458 4184 et

325 4285 344 4346 ¹)
362 4287 436 4336 Varro
453 4301 490 4350 ap.
510 4285 622 4344 Nonium,
640 4302 690 4351 pag.
710 4286 741 4336 60
759 4285 804 4335 Ed.
821 4285 878 4334 Luc.
897 4285 988 4335 Miller
1004 4290 1066 4351 (pag.
1084 4287 1116 4334 44
1133 4245 1391 4346 edit-Merocrianae).
