3084 5128
875 594 939 660 196

320 792 407 859 quae
428 771 494 859 ipsi
517 772 675 839 Caesares
697 772 814 839 fecisse
838 777 1031 840 narrantur.
1067 774 1117 840 De
1131 772 1288 859 Caligula
1301 772 1465 840 Suetonius

319 886 442 952 tradit:
468 886 616 973 ,Sparsit
638 891 672 953 et
696 885 835 952 missilia
860 886 1035 954 variarum
1058 908 1184 968 rerum,
1201 893 1234 953 et
1249 887 1387 978 panaria
1403 908 1467 952 curn

319 998 459 1066 obsonio
472 999 602 1067 viritim
613 999 761 1067 divisit.’'
773 999 798 1085 ¹)
810 1038 854 1049 —
866 1000 1000 1067 Cassius
1013 1001 1078 1067 Dio
1091 1001 1132 1066 de
1145 1001 1296 1067 Nerone:
1312 1002 1466 1083 ιὼλοφίνεν·

318 1138 354 1175 το
377 1112 409 1176 δὲ
431 1117 543 1186 πάντες
564 1120 588 1175 οἰ
611 1117 673 1175 νοῦν
695 1113 817 1198 ἔχοντες
839 1117 887 1178 καί
913 1114 960 1176 ἐπὶ
983 1130 1025 1201 τῷ
1041 1121 1153 1189 πλήθει
1171 1129 1229 1180 τῶν
1241 1115 1465 1192 ἀναλισκομένων.

320 1231 421 1289 πάντα
443 1225 498 1306 μὲν
520 1227 582 1306 γὰρ
605 1228 645 1288 τοὶ
667 1229 917 1292 πολυτελέστατα
936 1230 1118 1306 &tuamor
1130 1228 1271 1308 ἐσθίουσι,
1285 1232 1382 1290 πάντα
1394 1226 1420 1288 δὲ
1431 1227 1467 1288 καί

321 1342 360 1402 τὰ
394 1343 476 1402 ἄλλα
510 1341 550 1402 τὰ
573 1343 750 1422 τιμιώτατα,
774 1343 881 1414 ἰ’ππους
903 1344 1073 1419 ἀνδράποδα
1097 1345 1189 1422 ζείνγη
1214 1349 1332 1426 χρυσίον
1355 1342 1468 1418 ἀργίριον

321 1454 439 1524 ἐσθῆτα
461 1460 603 1535 ποικίλην,
621 1454 710 1516 ἐδίδου
722 1455 768 1516 διὰ
779 1453 953 1533 συμβόλων
968 1462 1085 1538 σφαιρία
1097 1456 1159 1535 γὰρ
1170 1459 1272 1536 μικρά,
1285 1454 1466 1534 γεγραμμένα

320 1569 358 1638 ὡς
380 1567 495 1630 ἕκαστα
517 1567 612 1633 αὐτῶν
636 1567 755 1652 ἔχοντα,
780 1568 809 1640 ἐς
834 1572 885 1634 τὸν
911 1570 1012 1648 ὅμιλον
1035 1569 1170 1648 ἐρρίπτει,
1187 1571 1235 1632 καί
1252 1569 1359 1631 ἐδίδοτο
1375 1568 1423 1628 ’ἐτι
1434 1588 1468 1633 τις

320 1680 355 1743 δι’
390 1680 500 1744 ἐκείνων
530 1682 695 1758 ἥρπασεν.”
721 1679 747 1768 ⁹)
770 1720 812 1730 -
835 1683 886 1748 De
910 1682 1008 1749 Tito:
1037 1688 1171 1766 ησφαιρία
1191 1683 1254 1761 γὰρ
1276 1686 1373 1765 ξύλινα
1394 1676 1467 1757 μικροί

320 1796 434 1855 ἄνωθεν
467 1795 496 1866 ἐς
523 1794 558 1856 τέ
582 1795 711 1872 θέατρον
739 1795 875 1877 ἐρρίπτει,
899 1794 1057 1874 σύμβολον
1081 1796 1191 1880 ἔχοντα
1213 1795 1249 1857 τὸ
1273 1794 1327 1873 μὲν
1351 1794 1467 1868 ἐδωδίμου

321 1907 397 1980 τινος
430 1908 465 1969 τὸ
499 1906 530 1970 δέ
565 1908 696 1981 ἐσθῆτος
729 1909 764 1970 τὸ
797 1908 829 1971 δὲ
855 1911 982 1989 ἀργυροῦ
1005 1912 1134 1989 σκεύους,
1160 1911 1237 1970 ἄλλο
1261 1919 1369 1992 χρυσοῦ
1389 1908 1467 1966 ἵππων

321 2024 484 2103 ὑποζυγίων
516 2020 724 2101 βοσκημάτων
750 2025 948 2105 ἀνδραπόδων,
976 2029 996 2085 οἳ
1018 2025 1215 2101 ἁρπάσαντας
1238 2047 1319 2093 τινας
1340 2021 1391 2082 ἔδει
1411 2019 1468 2092 τρὲς

321 2135 389 2209 τοὺς
426 2139 552 2213 δοτῆρας
573 2137 668 2204 αὐτῶν
690 2138 863 2216 ἀπενεγκεῖν
885 2140 934 2201 καί
957 2136 1062 2211 λαβεῖν
1085 2134 1121 2199 τὸ
1145 2130 1427 2215 ἐπιγεγραμμένον.”
1447 2125 1466 2209 ³)

322 2249 504 2316 Suetonius
538 2249 579 2316 de
611 2251 828 2317 Domitiano:
857 2251 1009 2338 „Dieque
1035 2251 1191 2337 proximo
1215 2251 1273 2334 (ac.
1299 2246 1466 2333 Septimon-

323 2363 395 2429 tiali
429 2384 523 2429 sacro
548 2365 681 2430 senatui
704 2365 879 2452 equitique
901 2365 1059 2451 panariis,
1084 2362 1196 2450 plebei
1219 2360 1383 2448 sportellis
1404 2374 1466 2421 cum

323 2475 462 2543 obsonio
486 2476 687 2564 distributis)
711 2479 737 2564 ⁴)
759 2500 859 2569 omne
879 2499 987 2563 genus
1010 2499 1125 2544 rerum
1150 2475 1290 2542 missilia
1305 2471 1425 2562 sparsit,
1440 2469 1465 2530 et

324 2590 406 2677 quia
428 2611 507 2676 pars
529 2590 638 2656 maior
660 2591 751 2657 intra
774 2591 953 2678 popularia
977 2592 1002 2678 ὅ)
1026 2591 1207 2666 deciderat,
1230 2589 1467 2677 quinquagenas
1518 2659 1519 2682 ,

324 2710 464 2770 tesseras
499 2703 538 2768 in
570 2704 722 2790 singulos
756 2727 881 2772 cuneos
915 2705 1080 2793 equestris
1114 2725 1154 2770 ac
1177 2702 1339 2769 senatorii
1361 2691 1468 2765 ordinis

358 2885 379 2946 l)
412 2887 468 2935 Suet
485 2886 536 2935 Cel.
554 2886 592 2935 18.
611 2885 733 2935 Decedam
743 2885 865 2950 Caligulae
874 2881 993 2950 sparsione
1001 2886 1095 2950 Joseph.
1105 2885 1170 2944 XIX,
1180 2885 1212 2934 la
1222 2877 1319 2947 (98)
1327 2883 1377 2947 (Ed.
1387 2874 1467 2930 Nsbflll

327 2978 460 3048 ,πολλῆς
493 2969 520 3031 δ’
556 2971 671 3047 ὀπώρας
705 2969 897 3054 ἐπιχεομένης
931 2983 991 3042 τοῖς
1021 2972 1151 3048 θεὼροις,
1177 2972 1225 3033 καὶ
1248 2977 1367 3031 πολλῶν
1389 2958 1469 3038 ὀρνέων

325 3079 421 3136 ἐπέσα
444 3084 486 3154 τῷ
509 3082 623 3154 σπανίῳ
643 3082 725 3153 τίμια
748 3089 810 3147 τοῖς
832 3075 1024 3153 κτωμένοις.”

358 3181 377 3238 ²)
411 3179 457 3227 Dio
475 3178 538 3227 Cass.
557 3180 618 3238 LXI,
639 3180 677 3236 18,
696 3179 709 3227 l
729 3197 775 3244 seq.
811 3181 937 3229 Suetonius
954 3181 1025 3242 (Nero
1045 3180 1084 3238 ll)
1102 3180 1127 3228 in
1146 3179 1209 3228 hunc
1227 3179 1325 3228 modum
1340 3165 1470 3227 temnunt:

326 3263 426 3326 „Sparsa
451 3265 474 3310 et
499 3261 587 3326 populo
613 3263 714 3311 missilia
736 3263 844 3311 omnium
871 3279 949 3311 rerum
968 3279 1009 3326 per
1025 3279 1106 3311 omues
1123 3261 1190 3310 dies”
1201 3283 1207 3312 ι
1225 3290 1257 3298 -
1276 3262 1384 3311 ludorum
1400 3245 1471 3301 scilicet

326 3360 383 3408 „pro
400 3344 535 3392 aeternitate
551 3345 646 3409 imperii
663 3345 874 3409 suscepte(rurn)'':
892 3362 948 3395 uam
965 3345 994 3394 de
1011 3345 1041 3394 iis
1058 3345 1102 3393 hoc
1119 3345 1170 3393 loco
1187 3346 1236 3408 agit
1252 3330 1471 3396 Suetonius—„sil
1517 3337 1518 3392 ί

324 3426 381 3490 gula
406 3427 492 3475 cotidie
517 3427 586 3475 milia
615 3428 695 3476 avium
713 3429 828 3492 cuiusque
845 3429 944 3492 generis,
962 3427 1088 3492 multiplex
1106 3442 1189 3491 penus,
1206 3432 1305 3476 tesserae
1322 3413 1471 3476 frumentaria

326 3510 405 3566 vestis,
430 3525 523 3566 aurum,
549 3513 681 3574 argentum,
706 3526 819 3574 gemmae,
845 3511 991 3575 margaritae,
1017 3511 1110 3559 tabulae
1135 3511 1218 3575 pictae,
1237 3509 1363 3574 mancipia,
1379 3497 1472 3552 iumenta

325 3597 394 3656 atque
419 3592 490 3641 etiam
506 3597 640 3642 mansuetae
656 3593 725 3651 ferae,
744 3595 873 3643 novissime
890 3610 969 3652 naves,
987 3592 1089 3651 insulae,
1105 3593 1180 3656 agri.’'
1215 3593 1282 3656 Quae
1298 3592 1338 3641 hic
1354 3590 1472 3639 commem&

326 3679 408 3725 rantur
432 3678 529 3724 tesserae
550 3676 717 3725 frumentariae
734 3681 795 3725 certe
813 3693 861 3724 non
878 3677 970 3727 faciunt
986 3693 1041 3726 cum
1059 3677 1089 3725 iis
1106 3677 1149 3739 qui
1168 3703 1199 3711 —
1222 3679 1248 3725 ut
1269 3669 1408 3725 Hirschfeld,
1423 3659 1471 3709 Mar·

326 3760 417 3823 quardt,
434 3760 577 3808 Raetovtsew
595 3787 626 3795 -
643 3759 685 3808 has
702 3764 799 3808 tesseras
817 3760 889 3808 semel
906 3765 999 3810 tantum
1017 3760 1041 3808 in
1056 3775 1149 3808 omnem
1169 3759 1241 3808 vitam
1253 3759 1317 3807 datas
1327 3741 1473 3832 luissetasstll·

327 3842 373 3903 (Gi.
399 3859 465 3907 pagg.
492 3843 539 3896 187
567 3843 620 3892 adn.
646 3844 670 3900 4,
698 3843 744 3896 167
768 3859 823 3891 cum
839 3843 893 3891 adn.
913 3845 945 3903 6.)
980 3843 1058 3907 Quare
1076 3841 1115 3890 illi
1132 3841 1176 3890 hoe
1193 3840 1244 3890 loco
1262 3842 1290 3890 de
1307 3831 1472 3890 extraordinaria

326 3926 419 3975 tesseris
444 3927 553 3989 cogitant.
587 3925 635 3987 (of.
662 3925 767 3974 Hirschf.
793 3926 819 3974 iu
837 3925 926 3974 Philol.
944 3925 961 3974 l.
979 3925 997 3974 l.
1015 3941 1066 3988 pag.
1086 3925 1117 3973 18
1135 3941 1188 3973 cum
1206 3925 1259 3972 adn.
1278 3924 1326 3981 aa;
1345 3915 1473 3970 gosmato,

326 3993 401 4057 liltude
434 4024 474 4056 aur
499 4008 533 4056 les
559 4008 652 4072 plomba
680 4009 796 4072 antiques,
822 4009 847 4055 in
875 4009 953 4056 Revue
979 4008 1165 4070 nurniematique
1193 4006 1265 4064 1898,
1292 4022 1344 4070 pag.
1370 3998 1412 4050 263
1430 3986 1474 4048 9111
1516 4031 1517 4108 q

328 4091 439 4155 Quaesita
456 4107 511 4139 sane
528 4091 634 4140 enodatio
652 4092 796 4155 minimeque
813 4091 956 4139 necessaria!
1516 4109 1517 4182 q

361 4173 381 4234 ³)
415 4173 461 4221 Dio
478 4173 541 4223 Cass.
560 4174 644 4232 LXVI,
661 4174 700 4231 85,
721 4175 742 4222 ⁵.

362 4256 382 4317 ⁴)
416 4255 475 4305 Vide
492 4273 543 4321 pag.
563 4257 619 4306 191.

364 4339 383 4401 ⁶)
415 4355 447 4390 sc.
466 4338 586 4389 subsellia.
