3122 5130
642 639 684 706 53

106 814 211 880 Idem
249 815 471 882 Friedlttnder
510 815 532 904 Ι)
567 819 726 906 antiquas
749 817 889 886 divitias
911 837 982 883 non
1004 820 1118 882 tantas
1141 814 1243 880 fuisse

64 927 147 994 dieit
170 935 280 1015 atque
303 931 531 996 recentiorum
554 938 763 1019 temporum.
788 933 857 999 Hie
880 937 998 997 tamen
1019 950 1090 995 non
1113 927 1242 1014 simpli·

64 1041 146 1106 aiter
171 1049 225 1107 est
237 1043 483 1129 quaerendum,
499 1044 558 1110 sed
572 1053 777 1132 comparate,
791 1046 860 1111 utri
872 1044 1009 1110 ditiores
1020 1040 1241 1109 existimandi

65 1155 131 1219 sint
176 1155 340 1222 ditissimi
381 1157 470 1223 inter
519 1159 678 1245 antiquos
720 1181 765 1226 an
801 1165 934 1225 nostrae
969 1155 1098 1222 aetatis.
1145 1154 1241 1234 Quae

65 1269 220 1353 quaestio
245 1269 297 1335 uti
319 1270 565 1337 iucundissima
588 1274 775 1360 magnique
790 1271 966 1352 momenti,
981 1271 1029 1336 ita
1040 1267 1242 1335 difficillima

64 1387 121 1462 est,
157 1403 269 1470 quam
301 1383 372 1470 ipse
407 1384 632 1452 Friedlttnder
669 1385 694 1474 ⁴)
735 1407 917 1472 nunquam
950 1381 1163 1472 persolutum
1197 1377 1240 1446 iri

65 1495 236 1580 opinatur.
283 1496 477 1566 Rodbertus
523 1500 630 1566 nescit
673 1522 718 1566 an
752 1499 901 1566 Romani
935 1497 1088 1586 palmam
1122 1494 1238 1561 tulisse

65 1609 286 1675 existimandi
320 1611 397 1692 sint,
434 1611 660 1679 Friedlander
696 1612 940 1680 recentioribus
975 1610 1103 1698 priores
1126 1614 1239 1696 partes

67 1720 265 1789 deferendas
289 1745 359 1789 esse
384 1725 520 1791 videtur
543 1733 675 1812 putare.
700 1725 726 1815 ⁸)
772 1725 946 1812 Quicquid
957 1724 994 1791 id
1005 1729 1064 1805 est,
1078 1722 1237 1810 quamvis

66 1855 131 1899 non
165 1837 286 1902 omnia
310 1859 397 1924 quae
419 1839 603 1904 traduntur
627 1841 671 1905 ad
695 1841 841 1906 verbum
863 1839 1047 1906 videantur
1070 1836 1237 1922 aecipien-

68 1947 115 2028 da,
140 1947 164 2035 ⁴)
188 1956 309 2015 tamen
333 1952 415 2037 quin
441 1952 591 2017 multum
615 1953 704 2019 inter
727 1976 761 2019 se
775 1951 1099 2019 distarentdivitum
1109 1969 1235 2036 paupe-

67 2081 207 2148 rumque
233 2065 390 2129 fortunae
414 2087 484 2130 non
507 2073 557 2132 est
580 2066 735 2132 dubium.
761 2065 784 2153 ⁵)
830 2067 906 2131 Iam
922 2066 1061 2130 Crassus
1076 2063 1131 2143 „in
1144 2062 1234 2147 agris

71 2314 89 2367 οἱ
108 2312 244 2384 βασιλεῖς
266 2322 324 2374 τῶν
344 2315 473 2391 ἀγαθῶν
493 2318 574 2388 ’ὄντες
594 2320 681 2394 ιοιίριοι
700 2319 749 2382 καὶ
775 2321 896 2378 πάντων
907 2315 1056 2397 εἰληφότες
1069 2324 1171 2390 πεῖραν
1181 2318 1236 2382 την

68 2406 161 2473 ἡδονὴν
184 2417 380 2487 προκρίνουσι,
413 2416 698 2495 μεγαλοψυχοτέρας
729 2416 868 2484 ποιούσης
898 2422 953 2482 τῆς
977 2412 1079 2481 ἡδονῆς
1097 2410 1154 2480 τὰς
1175 2418 1235 2470 τῶν

69 2499 224 2578 ἀνθρώπων
256 2509 362 2588 φύσεις.
395 2511 527 2580 ἅπαντες
558 2518 629 2586 γοῦν
650 2516 673 2570 οί
694 2511 748 2579 τὴν
767 2509 869 2581 ἡδονὴν
890 2517 1034 2586 τιμῶντες
1055 2509 1103 2570 καὶ
1123 2516 1233 2584 τρυφᾶν

38 2635 41 2639 ·
69 2604 252 2686 προῃρημένοι
264 2608 472 2686 μεγαλοψυχοι
484 2608 533 2669 καὶ
544 2613 788 2683 μεγαλοπρεπεῖς
800 2609 878 2680 εἰσιν,
892 2608 929 2675 ὡς
940 2605 1056 2680 Πέρσαι
1066 2605 1115 2666 καὶ
1126 2604 1230 2671 Μῆδοι.

70 2696 197 2765 μάλιστα
228 2700 292 2776 γὰρ
322 2710 381 2760 τῶν
399 2702 500 2762 ἄλλων
521 2703 686 2779 ἀνθρώπων
707 2703 761 2768 τὴν
777 2702 879 2769 ἡδονὴν
900 2693 976 2761 οὗτοι
996 2701 1044 2763 καί
1065 2699 1100 2759 τὸ
1121 2708 1231 2777 τρυφᾶν

69 2799 182 2864 τιμῶσιν
201 2795 399 2872 ἀνδρειότατοι
419 2799 468 2860 καὶ
488 2801 772 2879 μεγαλοψυχότατοι
792 2807 850 2858 τῶν
871 2797 1037 2872 βαρβάρων
1058 2796 1147 2865 ὄντες.
1167 2793 1233 2856 ἐ’στι

70 2884 123 2959 λᾶι)
142 2887 174 2948 τὲ
195 2891 251 2968 μέν
272 2893 399 2961 ἥδεσθαι
418 2896 467 2957 καὶ
488 2893 522 2954 τὲ
544 2905 654 2976 τρυφᾶν
675 2893 849 2969 ἐλευθέρων·
871 2893 965 2965 ἀνίησι
985 2892 1047 2968 γὰρ
1068 2891 1124 2962 τὰς
1135 2891 1230 2972 ψυχὰς

70 2981 110 3038 καί
137 2985 231 3066 αὔξει·
265 2987 299 3048 τὲ
321 2987 353 3050 δέ
383 3001 478 3050 πονεῖν
499 2991 609 3051 δούλων
628 2993 677 3054 καί
697 2998 858 3050 ταπεινῶν·
881 2986 922 3051 a&
943 2990 992 3052 aui
1011 2989 1231 3048 συστέλλονται

72 3096 136 3137 ουτοι
156 3083 210 3153 τὰς
231 3106 337 3165 φυσεις.
360 3087 445 3154 ιιαίη
433 3090 627 3158 Ἀθηναίων
657 3086 777 3157 πόλις”
764 3110 815 3156 εως
839 3085 947 3200 ἒτρίγα
979 3089 1114 3162 μεγίστη
1134 3105 1169 3144 τε
1194 3107 1229 3152 ην

71 3173 111 3229 καὶ
129 3186 247 3252 μεγαλο
249 3184 401 3261 ψυχοτιίιτο
403 3205 434 3252 υς
455 3181 572 3263 ἔτρεφεν
591 3184 707 3259 ἄνδρας.
729 3186 860 3258 ἁλουργῆ
882 3181 936 3260 μὲν
957 3182 1018 3257 γὰρ
1035 3183 1229 3260 ημπίσχοντο

801 3281 829 3340 .'’

73 3270 174 3345 latres,
195 3283 343 3348 ποικίλους
364 3279 390 3338 δ’
402 3281 539 3340 υπέδυνον
559 3289 747 3360 χιτῶνας..

101 3364 147 3422 ¹tl
166 3371 182 3419 l
200 3390 252 3437 pag
273 3375 311 3423 12.

100 3447 116 3506 ²)
133 3467 179 3516 pag.
199 3457 228 3507 17
248 3474 294 3521 seq.
314 3458 402 3507 Scribit
420 3459 506 3507 ibidem
525 3467 585 3523 (pag.
604 3461 660 3519 ISJ:
697 3460 779 3524 „Eben
796 3476 821 3507 so
839 3461 916 3524 wenig
933 3459 992 3508 wird
1010 3459 1061 3507 sich
1069 3457 1226 3506 wahrschein·

72 3524 111 3576 lich
132 3533 213 3594 jemals
240 3541 369 3589 seststellen
396 3542 479 3598 lassen,
497 3545 589 3591 ιιοιιιιιί
604 3560 627 3591 es
645 3544 681 3591 bei
699 3543 752 3591 deni
770 3543 894 3606 t'ergleioh
911 3544 952 3590 der
969 3542 1080 3605 heutigen
1098 3541 1227 3589 Reiehthii·

73 3619 170 3665 uomit
187 3622 229 3670 den
249 3624 379 3686 danruligrn
398 3625 577 3689 hauptsiiohlioh
594 3627 731 3674 onkomrnt:
750 3627 779 3673 ob
797 3628 834 3674 die
851 3631 956 3689 grossteu
974 3626 1132 3673 Einkommen
1150 3624 1177 3671 in,
1185 3623 1227 3671 der

73 3690 185 3749 Ksiserzeit
201 3706 254 3752 eine
271 3707 374 3754 nrittlere
391 3708 540 3756 Jahresrente
558 3709 630 3756 hohen
649 3710 785 3772 iiberragten
803 3709 838 3757 als
856 3711 880 3756 in
899 3709 939 3756 der
957 3706 1116 3770 Gegenwart.''

101 3776 116 3835 3ι
140 3781 222 3836 nien
251 3788 267 3836 1.
295 3789 310 3837 ι,
330 3806 380 3853 pag,
406 3791 452 3839 ιιι
480 3809 550 3856 seqq,
570 3793 610 3840 ιιι
629 3793 720 3840 litteras
739 3793 850 3840 ιιοιιιιιι
868 3792 940 3841 traua
957 3792 1066 3854 antiqua
1083 3804 1137 3838 oum
1154 3788 1226 3835 huius

74 3861 143 3910 aetatis
158 3867 249 3919 divitus
266 3877 401 3936 comparent
402 3874 429 3921 is.

101 3942 163 4000 ⁴t)U
154 3951 230 4002 tcum
249 3954 293 4018 leg'
272 3971 350 4004 tumus
367 3958 429 4020 apud
447 3957 563 4005 Galerium
582 3959 643 4019 (Vol
662 3959 728 4008 XIII
741 3975 793 4022 pag
812 3959 859 4006 636
875 3958 956 4018 Kuhn)
965 3973 1019 4005 eum
1028 3955 1110 4020 qu120
1120 3954 1169 4003 000
1179 3954 1227 4003 000

75 4019 113 4070 ΗΒ·
138 4036 259 4091 possideret
285 4040 386 4101 Augusti
379 4041 553 4103 itemporibus
580 4058 704 4104 pauperem
731 4059 779 4089 esse
805 4042 972 4089 existimatum
1007 4040 1043 4088 Cf
1069 4039 1199 4102 Merqt
1172 4039 1227 4088 St.V

76 4100 106 4150 ⁴⁴²
121 4125 165 4174 pag.
185 4119 213 4165 56
232 4137 286 4168 eum
304 4123 358 4170 adn.
376 4125 408 4180 4
427 4125 455 4170 os
473 4125 544 4171 etiam
562 4124 616 4172 adn.
636 4127 657 4172 5.

103 4188 152 4247 ⁵.)V
169 4198 272 4268 Ihering,
291 4203 357 4253 Geist
374 4206 396 4253 d
417 4210 474 4254 ιόιιι.
496 4208 588 4263 Rechts,
608 4208 641 4264 II,
659 4208 690 4263 1⁴
710 4224 759 4270 pag.
779 4208 826 4255 248
845 4223 908 4270 seq:
928 4207 991 4270 „Dae
1008 4159 1196 4270 grosseVerrniig
1197 4223 1226 4256 en

78 4267 225 4333 tGrnndbesin
251 4287 295 4335 nie
321 4289 425 4352 Kupitul)
451 4291 501 4338 hott
481 4294 514 4338 tte
540 4291 598 4337 iiber
622 4292 662 4338 das
680 4289 796 4338 kleine
775 4307 814 4338 ern
834 4289 1120 4352 unverhiiltnissmiissiges
1138 4290 1226 4340 Ueber·

79 4355 168 4409 ‘rewicht
200 4368 247 4416 Der
274 4371 367 4419 Mittels
369 4373 431 4428 tunil,
458 4373 498 4420 der
516 4373 552 4420 bei
571 4374 637 4421 einer
654 4374 773 4435 gesunden
791 4371 932 4435 Gestaltung
949 4373 990 4420 der
1008 4372 1169 4422 Verhiiltnisse
1186 4375 1227 4424 des
