3084 5128
1527 621 1531 668 l

1526 668 1530 771 l

317 823 439 914 lacque
463 823 627 892 alimenta
641 824 820 913 accipiant,
835 823 982 911 legitimi
997 847 1031 890 n.
1045 822 1071 910 ¹)
1084 822 1238 892 OOXLV
1250 823 1287 900 in
1300 823 1448 910 singulos
1458 822 1479 908 ⁹)

317 945 378 1014 ns
389 946 476 1015 xvi
489 968 534 1024 n,
546 945 573 1033 8)
585 946 607 1013 f.
621 947 648 1032 4)
661 933 934 1016 ΗεῖῑνῑῑΧι
957 968 991 1012 n.
1006 947 1040 1032 ι),
1054 945 1230 1031 legitimae
1243 967 1277 1012 n.
1293 945 1319 1032 ⁶)
1333 943 1477 1012 xxxiv

317 1068 404 1153 sing.
423 1066 523 1154 uns
545 1067 737 1154 miuus.
753 1067 779 1154 ⁹)
797 1067 858 1134 Hs
876 1053 1172 1149 i'v'ncooxovr
1209 1067 1348 1154 spurius
1380 1068 1397 1134 1
1429 1064 1478 1132 ns

317 1189 461 1259 cxmv
484 1188 535 1275 10),
559 1189 674 1276 spana
697 1189 714 1254 1
738 1187 798 1256 ns
821 1189 929 1256 cxx.
953 1187 1097 1256 Summa
1120 1187 1181 1254 ns
1200 1175 1338 1270 Enoc,
1353 1209 1436 1275 quae
1447 1186 1478 1251 fit

317 1324 420 1369 usura
442 1305 558 1388 33
581 1300 622 1388 11)
645 1302 744 1368 sortis
767 1323 870 1389 supra
894 1301 1071 1369 scribtae.'’
1252 1284 1254 1292 ¹
1529 1307 1530 1310 ’

360 1414 518 1482 Notabile
553 1415 697 1498 videtur,
730 1415 822 1503 quod
851 1415 1066 1484 ‘Veleiatium
1095 1417 1211 1503 pueris
1233 1437 1305 1483 non
1328 1415 1403 1503 ipsa
1422 1413 1472 1479 ali-
1533 1396 1534 1435 ³

316 1534 442 1610 menta,
467 1528 525 1596 sod
548 1535 640 1596 certa
661 1530 826 1618 pecuniae
845 1551 981 1596 summa
1004 1529 1206 1597 donabatur.
1231 1528 1271 1616 ις)

360 1641 594 1729 Obligationes
616 1643 770 1729 singulae
784 1644 886 1731 ‘ipsae
910 1644 979 1710 fere
1003 1643 1038 1708 in
1063 1644 1157 1710 huno
1180 1642 1325 1710 modum
1341 1642 1470 1729 scriptae

316 1762 406 1822 sunt.
441 1753 482 1844 ¹⁸)
527 1756 704 1844 Incipiunt
737 1779 757 1823 a
792 1756 931 1824 nomine
966 1756 1099 1823 domini
1121 1756 1320 1823 fundorum.
1347 1755 1474 1843 Saepius
1533 1755 1534 1760 ’

316 1869 471 1957 sequitur
504 1891 583 1936 cum
616 1871 876 1958 praepositione,
895 1892 953 1958 per
977 1871 1037 1956 qui
1060 1892 1122 1957 pro
1146 1870 1287 1938 domino
1310 1868 1472 1957 professio·
1533 1855 1534 1893 ³

316 2005 398 2050 nem
429 1983 518 2050 fecit.
564 1983 772 2071 Sequuntur,
805 1984 833 2050 si
855 1983 1010 2071 pluribus
1034 1982 1167 2050 actibus
1190 1983 1413 2070 obligationes
1435 1983 1473 2046 fa·
1533 2004 1534 2007 ¹

317 2103 389 2164 otae
427 2103 508 2163 sunt
522 2145 526 2150 -
540 2096 645 2165 verba
677 2098 833 2185 professus
865 2105 908 2164 cst
941 2098 998 2184 (est
1032 2097 1208 2164 interdum
1231 2099 1396 2164 omissum
1417 2099 1469 2176 est)
1533 2083 1534 2121 ³

313 2211 448 2297 praedia
480 2212 599 2278 rustico
631 2211 747 2277 addita
781 2233 919 2277 summa
952 2233 1022 2298 qua
1058 2211 1156 2277 fundi
1192 2211 1363 2278 aestimati
1395 2214 1471 2276 sunt.

317 2322 479 2410 Sequitur
493 2326 636 2411 ¹(recipere
658 2325 743 2391 debet
765 2331 798 2390 et
822 2347 958 2390 summa
981 2346 1068 2412 quae
1093 2324 1234 2392 domino
1259 2324 1472 2410 obligatorum
1533 2325 1534 2332 ’

317 2437 536 2522 praediorum
571 2437 733 2506 solvenda
767 2439 818 2505 sit.
866 2439 942 2504 Iam
975 2460 1063 2526 quae
1095 2438 1250 2525 sequitur
1276 2435 1473 2504 enumeratio
1533 2439 1534 2442 ’

317 2549 504 2616 fundorum
526 2549 754 2636 obligatorum
777 2553 918 2618 inducta
942 2551 1054 2620 verbis
1076 2559 1105 2618 ct
1128 2551 1239 2636 (debet)
1257 2551 1396 2636 obligare
1411 2550 1473 2634 fuc-

318 2662 372 2730 dos
405 2664 565 2730 convenit
599 2665 727 2732 formae
761 2665 945 2750 legitimae,
983 2663 1122 2751 qualem
1148 2670 1295 2731 testatur
1319 2664 1471 2751 Ulpianus

317 2777 386 2863 dig.
410 2778 462 2859 50,
488 2778 539 2859 15,
561 2780 582 2844 4
606 2801 655 2866 pr.
702 2779 904 2865 Saepissime
929 2777 1127 2845 nominibus
1149 2778 1342 2845 fundorum
1366 2777 1469 2844 adiun·
1533 2763 1534 2802 ³

317 2896 412 2957 otum
429 2898 504 2974 est,
540 2913 601 2978 pro
626 2898 730 2980 quota
754 2900 849 2979 parte
873 2892 1001 2958 fundus
1024 2891 1196 2977 obligatus
1220 2891 1275 2957 sit.
1322 2890 1470 2957 Proxima
1533 2911 1534 2914 ¹

317 3010 368 3070 est
400 3005 590 3072 secundum
621 3027 779 3072 normam
805 3028 908 3093 supra
931 3005 1072 3072 allatam
1095 3005 1261 3071 indicatio
1286 3003 1427 3072 civitatis
1446 3004 1474 3066 st

344 4129 379 4190 ιι)
412 4129 429 4178 i.
447 4145 484 4179 a:
501 4130 630 4194 quincunx.

344 4212 373 4274 Ι1)
408 4211 445 4261 (tl.
463 4228 514 4278 pag.
532 4212 581 4262 209
599 4215 622 4261 et
639 4211 689 4261 210
706 4211 760 4261 adn.
779 4211 803 4262 2.

344 4295 376 4358 ¹³)
409 4295 443 4345 Ut
459 4311 531 4360 supra
547 4295 592 4345 feci
609 4295 635 4344 in
653 4294 824 4344 Bsebianorum
841 4294 929 4356 tabula,
941 4295 974 4344 ita
986 4295 1030 4345 hoc
1043 4311 1136 4362 quoque
1150 4293 1465 4358 summariuminaugurlfflss

320 4383 435 4440 cocetum,
452 4379 587 4445 deprompsi
605 4395 618 4429 e
635 4378 662 4430 0.
680 4378 700 4428 Ι.
717 4378 745 4430 L.
1049 4383 1052 4388 “
