3122 5130
852 495 895 558 40

292 673 445 739 hominis
479 672 716 759 permiserunt.
764 673 808 737 Et
836 673 978 759 quidem
1004 671 1109 740 verba
1131 673 1204 759 ipsa
1225 671 1311 757 legis
1334 672 1479 751 dicam,

294 807 336 851 ne
371 785 553 866 existimes,
593 785 762 852 invidiam
800 807 854 852 me
890 787 991 852 istam
1021 787 1106 852 forto
1130 785 1332 852 formidare:
1358 786 1423 850 Te
1446 807 1483 850 r·
1555 805 1556 822 l

292 899 389 979 tiis,
413 899 537 985 inquit,
569 898 809 964 nundinis
843 900 1007 985 partis
1031 905 1243 965 secanto.
1279 897 1479 984 Siplus

293 1011 824 1094 minusvosoouerunt,
850 1013 1228 1079 sefraudeesto.
1267 1011 1363 1076 Nihil
1386 1033 1470 1096 pro·

293 1124 381 1190 fecto
416 1123 580 1205 inmitiuS,
605 1124 693 1189 nihil
715 1125 899 1206 inmanius,
924 1127 998 1207 nisi,
1023 1134 1062 1193 ut
1086 1147 1121 1190 re
1145 1126 1218 1213 ipsa
1241 1131 1392 1211 apparet,
1425 1148 1476 1192 eo

293 1235 433 1302 oonsilio
468 1242 577 1303 tanta.
598 1237 783 1304 inmanitas
817 1260 946 1326 poenae
983 1241 1223 1320 denuntiatast,
1249 1260 1291 1303 ne
1316 1239 1360 1305 ad
1383 1260 1475 1304 eam
1533 1331 1536 1337 .

293 1370 461 1435 umquam
483 1347 751 1436 perveniretur.'’
779 1350 803 1439 1)
827 1353 997 1418 Horrifioa
1019 1354 1125 1438 igitur
1147 1353 1206 1418 illa
1218 1353 1338 1439 capitis
1351 1373 1475 1438 poena

293 1483 379 1527 num
397 1484 555 1549 unquam
578 1470 698 1530 exacta
721 1465 764 1530 sit
784 1464 915 1530 Gellius
939 1465 1081 1532 dubitat.
1118 1467 1165 1532 At
1187 1467 1291 1532 otiam
1303 1467 1330 1531 si
1344 1466 1387 1532 ab
1396 1467 1473 1534 hac

294 1575 509 1641 immanitate
544 1577 689 1659 recedam,
725 1579 869 1665 inopum
902 1579 1115 1665 plebeiorum
1138 1603 1190 1646 ros
1217 1581 1296 1646 satis
1320 1580 1473 1647 afflictas

292 1687 394 1754 fuisse
419 1689 495 1775 quis
518 1690 582 1755 erit
606 1690 666 1778 qui
690 1693 818 1777 nogat?
1166 1701 1169 1705 ’

328 1921 345 1982 ¹)
362 1921 423 1970 Gell.
451 1923 501 1982 llll,
520 1925 547 1982 -Ι,
574 1927 604 1972 45
624 1942 686 1990 seqq.
705 1926 741 1975 el.
760 1927 830 1976 etiam
848 1943 906 1991 quae
928 1928 978 1991 ipse
996 1928 1024 1977 da
1041 1929 1083 1977 hoo
1101 1928 1247 1993 plebeiorum
1264 1930 1371 1979 custodio
1380 1931 1470 1995 scripsi

292 2005 318 2053 iu
335 2005 456 2054 Prooemio
474 2009 534 2070 (pag.
553 2010 578 2068 9)
595 2012 618 2057 et
635 2009 779 2057 Mommsoni
797 2010 913 2058 iudicium
931 2009 964 2058 ibi
983 2010 1088 2059 allatum.
