3040 5134
848 621 912 686 180

290 805 473 894 separatim
495 802 624 889 legavit
647 802 802 869 vicorum
826 796 1007 882 magistris
1044 795 1114 862 Vix
1138 794 1232 860 enim
1252 790 1452 860 credendum

289 922 328 986 in
350 920 505 1006 ipsorum
526 916 709 982 utilitatem
733 913 867 979 cessisse
891 909 975 974 illud
998 908 1161 993 legatum.
1184 907 1212 995 1)

290 1139 339 1172 esse
355 1125 538 1171 consentaneum
555 1122 645 1183 putant.
680 1117 732 1164 Scio
749 1115 857 1179 equidem
876 1112 1006 1162 nonnullos
1024 1111 1087 1160 locos
1104 1111 1202 1175 reperiri
1219 1111 1282 1175 apud
1300 1107 1453 1160 iurisconsul-

291 1211 326 1256 toe
352 1205 438 1270 quibus
464 1219 506 1269 pro
528 1204 619 1266 populo
646 1201 726 1264 reponi
744 1199 800 1247 licet
817 1197 942 1255 aerarium,
961 1200 987 1246 ut
1005 1195 1059 1244 Gaii
1076 1195 1157 1244 Instit.
1175 1194 1208 1252 II,
1227 1194 1292 1244 1502
1312 1195 1388 1259 „Lege
1403 1193 1455 1240 bona

292 1288 378 1336 caduca
402 1289 463 1334 fiunt
485 1288 507 1333 et
530 1285 559 1333 ad
581 1283 696 1348 populum
713 1281 797 1330 deferri
814 1281 936 1336 iubentur,
954 1280 975 1327 si
994 1279 1102 1328 defuncto
1121 1294 1189 1326 nemo
1207 1277 1281 1327 'teres
1297 1279 1340 1327 uel
1356 1279 1454 1326 bonorum

287 1387 411 1436 possessor
426 1369 482 1419 eit?
501 1397 532 1406 -
551 1367 628 1416 286⁸:
645 1367 741 1432 „Itaque
758 1363 869 1414 translata
887 1363 988 1412 suntad
1005 1378 1051 1421 eos,
1069 1363 1111 1425 qui
1129 1362 1164 1424 (in
1182 1364 1218 1423 eo)
1232 1366 1371 1411 testamento
1380 1360 1455 1409 liberos

249 1480 254 1492 ·
293 1453 387 1512 habent,
412 1456 453 1501 aut
479 1452 498 1500 si
525 1450 607 1498 nullus
627 1450 712 1499 liberos
730 1447 832 1506 habebit,
849 1447 878 1494 ad
896 1444 1019 1510 populum,
1038 1445 1108 1493 sicuti
1126 1445 1187 1493 iuris
1204 1449 1240 1494 est
1257 1446 1283 1493 in
1301 1444 1383 1509 legatis
1399 1448 1420 1491 et
1434 1443 1455 1489 in

294 1533 495 1585 'hereditatibus’'
530 1535 566 1582 Ol.
584 1535 653 1582 etiam
671 1532 768 1596 Ulpiani
787 1532 870 1593 fragm.
889 1530 928 1587 28,
947 1529 961 1581 7
972 1549 978 1586 ;
995 1527 1074 1576 Paulli
1093 1533 1151 1576 sent.
1170 1528 1198 1585 V,
1214 1528 1253 1576 12.
1288 1529 1320 1577 At
1329 1529 1355 1576 in
1364 1525 1455 1590 Augusti

295 1619 370 1682 legato
395 1619 424 1666 de
449 1617 537 1665 aerario
562 1617 658 1680 cogitari
685 1619 764 1664 vetunt
786 1613 870 1661 Dionis
895 1611 1155 1660 verbaetSuet.Tib.
1174 1611 1347 1663 transeam
1366 1608 1456 1672 Augusti

295 1701 370 1766 legate
387 1699 536 1764 pertinentia.
571 1700 617 1748 Dio
634 1699 705 1761 (LVI,
723 1699 763 1754 32,
782 1698 821 1756 2):
847 1695 1038 1770 ,κληρονόμοι
1058 1690 1113 1766 μὲν
1128 1692 1164 1757 δὴ
1175 1683 1450 1771 οὗτοιέγεγράφαπο

296 1793 441 1868 κτήματα
462 1787 493 1851 δὲ
513 1791 561 1852 καὶ
581 1791 728 1869 χρήματα
749 1789 851 1850 πολλὰ
873 1795 997 1858 πολλοῖς
1017 1789 1066 1851 καὶ
1087 1797 1145 1848 τῶν
1160 1791 1370 1863 προσηκόντων
1384 1785 1455 1848 οἱκαὶ

296 1896 355 1948 τῶν
375 1888 549 1962 ἀλλοτρίων,
572 1885 628 1966 οὐχ
648 1885 726 1955 ’ὁπως
746 1885 920 1960 βουλευταῖς
934 1887 982 1948 καὶ
997 1890 1133 1945 ἱππεῦσιν
1143 1884 1225 1944 ἁλλὰ
1237 1885 1286 1948 καὶ
1296 1885 1453 1958 βασιλεῦσι,

297 1992 340 2062 τῷ
360 2005 393 2044 τε
415 1985 499 2062 δήμῳ
522 1987 620 2063 χιλίας
640 1984 794 2060 μυριάδας,
817 1987 865 2045 καὶ
885 1992 946 2052 τοῖς
960 1983 1158 2057 στρατιώταις
1169 1991 1230 2052 τοῖς
1240 1977 1296 2059 μὲν
1308 1979 1456 2060 δορυφόροις

298 2099 317 2130 a.
344 2099 367 2146 q.
393 2081 427 2130 s.''
464 2080 499 2129 De
524 2080 631 2128 tribuum
656 2079 731 2144 legato
757 2080 820 2128 nihil
837 2080 899 2144 apud
916 2080 1034 2137 Dionem;
1052 2081 1148 2128 fortasse
1165 2079 1216 2144 ipse
1233 2080 1332 2138 addidit,
1348 2091 1455 2140 excerpere

298 2165 400 2228 neglexit
417 2163 565 2227 Xiphilinus.
583 2163 629 2226 (Cf.
647 2163 783 2211 Boissevain
797 2163 827 2211 ad
845 2163 868 2211 h.
887 2163 913 2216 la
931 2165 1052 2226 Augustus
1070 2163 1143 2226 igitur
1161 2166 1297 2226 prosecutus
1306 2180 1353 2211 esse
1361 2165 1456 2210 narratur

298 2245 475 2319 βουλευτὰς,
498 2245 617 2318 ἱππέας,
639 2245 797 2318 βασιλέας,
820 2243 872 2304 τὸν
893 2246 998 2322 δῆμον,
1022 2243 1089 2314 τους
1110 2246 1310 2320 σπραπεὼπας.
1348 2247 1404 2312 Quis
1420 2242 1456 2290 erit

299 2344 340 2406 qui
366 2344 421 2391 haee
447 2341 526 2406 legens
551 2342 667 2390 aerarium
693 2341 817 2392 inculcet?
851 2343 913 2390 Suet.
941 2342 994 2390 Tib.
1022 2343 1052 2394 57
1071 2347 1199 2406 utrumque
1216 2347 1238 2390 et
1256 2342 1339 2406 populi
1355 2345 1376 2388 et
1391 2333 1456 2402 plebi⁵

298 2426 402 2488 legatum
436 2424 592 2488 coniungere,
611 2425 716 2472 videtur:
761 2426 892 2488 „Sauriam
927 2425 967 2488 qui
999 2429 1159 2488 praetereunte
1184 2426 1267 2474 funere
1293 2425 1354 2473 clare
1376 2423 1457 2470 mortuo

300 2509 429 2566 mandarat,
464 2511 491 2556 ut
525 2507 645 2556 nuntiaret
680 2509 795 2570 Augusto,
822 2508 923 2556 nondum
946 2508 1016 2556 reddi
1041 2511 1120 2571 Iepato
1144 2523 1204 2572 quae
1229 2507 1309 2572 plebei
1333 2503 1456 2568 reliquisset

300 2593 428 2640 adtractum
454 2591 483 2639 ad
509 2607 533 2639 se
558 2591 659 2654 recipere
680 2591 786 2639 debiturn
810 2592 910 2654 ducique
935 2592 964 2639 ad
990 2590 1134 2656 supplicium
1162 2591 1296 2654 imperavit,
1313 2595 1336 2639 et
1349 2587 1405 2654 patri
1423 2597 1457 2631 suo

301 2690 383 2724 verum
414 2673 524 2722 referre.’'
567 2673 629 2722 Addi
655 2677 730 2738 potest
757 2673 822 2722 Plin.
850 2674 936 2737 Paneg.
965 2674 1004 2732 25,
1034 2674 1083 2731 ubi,
1111 2679 1138 2722 ut
1163 2675 1226 2722 Suet.
1253 2677 1316 2738 Aug.
1344 2673 1395 2728 101,
1419 2680 1457 2714 11111

302 2761 480 2806 commemorata
506 2757 606 2820 legimus
632 2757 707 2805 tribus
732 2761 755 2805 et
776 2759 905 2820 populum:
933 2757 1003 2820 „Nisi
1030 2773 1084 2806 vero
1110 2757 1193 2806 leviter
1211 2757 1297 2821 attingi
1316 2757 1388 2821 placet
1402 2753 1457 2800 locu·

302 2841 398 2906 pletatas
424 2841 499 2890 tribus
521 2842 648 2905 datumque
676 2842 822 2905 congiarium
848 2841 943 2906 populo,
970 2845 993 2890 et
1022 2842 1103 2889 datum
1121 2846 1205 2899 totum,
1223 2857 1279 2890 cum
1296 2839 1398 2898 donativi
1413 2849 1457 2900 par·

302 2929 349 2974 tem
372 2924 461 2986 milites
477 2924 646 2988 acoepissent.'’
680 2925 705 2972 Si
723 2925 762 2972 hic
779 2940 873 2988 quoque
889 2940 931 2988 pro
945 2926 1037 2988 populo
1054 2925 1182 2973 substituas
1200 2925 1329 2981 αοναπὶυηε,
1346 2923 1458 2971 traianum

302 3009 397 3056 aerario
422 3008 569 3071 congiarium
595 3006 658 3055 illud
678 3008 768 3056 dedisse
786 3009 905 3070 sequitur!
940 3008 984 3069 (De
1002 3007 1045 3054 hoc
1063 3007 1114 3056 loco
1127 3007 1221 3072 plenius
1239 3024 1306 3070 agam
1324 3008 1351 3055 in
1367 3003 1458 3070 proximo

303 3090 395 3153 capite.)
422 3117 452 3126 -
481 3089 530 3137 Nec
557 3091 632 3152 magis
651 3089 725 3154 placet
746 3089 842 3146 solutio,
859 3106 929 3153 quam
947 3089 993 3152 legi
1011 3091 1074 3153 apud
1088 3089 1196 3138 Karlowa
1214 3090 1292 3150 (Rom.
1311 3083 1458 3151 Rechtsgesch·

304 3174 315 3221 I
338 3189 390 3236 pag.
410 3175 547 3242 5541seq.):
568 3173 657 3234 „Wenn
676 3173 712 3219 bei
731 3173 899 3236 Vertejlungen
918 3189 960 3220 von
972 3173 1088 3234 ¹Getreide
1106 3190 1129 3221 u.
1147 3173 1195 3237 dgl.
1210 3175 1318 3237 populus
1335 3173 1382 3221 und
1399 3168 1459 3218 tribul

303 3256 414 3304 einander
439 3259 638 3318 entgegengesetzt
664 3257 761 3310 werden,
780 3273 804 3304 so
823 3256 930 3304 bedeutet
945 3257 1047 3320 popolus
1064 3257 1102 3305 die
1119 3256 1260 3305 samtlichen
1274 3257 1300 3304 in
1318 3257 1378 3304 Rom
1395 3254 1459 3302 ansis·

304 3339 369 3402 sigen
395 3338 492 3401 Biirger,
518 3336 605 3386 welche
630 3339 656 3386 in
681 3339 803 3402 gebbriger
829 3339 906 3386 Weiss
932 3339 969 3388 die
995 3339 1201 3402 vorgeschriebene
1219 3339 1345 3404 professio
1361 3333 1460 3402 gemacht

303 3421 353 3470 also
378 3437 420 3469 zur
444 3421 577 3469 Anfnahme
603 3426 672 3469 unter
697 3423 735 3469 die
763 3421 941 3485 regelm'assigen
968 3412 1216 3486 Getreideempl'anger
1233 3421 1373 3485 qualifiziert
1389 3430 1460 3469 waren,

305 3505 378 3554 tribus
404 3505 504 3567 dagegen
522 3504 566 3552 den
584 3505 652 3552 Kreis
670 3505 710 3552 der
727 3505 838 3553 wirklich
855 3505 881 3553 in
899 3505 936 3552 die
954 3505 1035 3554 Listen
1052 3506 1092 3554 der
1109 3521 1139 3553 zu
1156 3505 1201 3553 den
1219 3505 1397 3568 regelmitssigen
1413 3502 1460 3549 Fru-

305 3587 471 3635 mentationem
489 3587 651 3650 Berechtigten
668 3589 896 3651 Auigenommenen,
914 3589 984 3636 deren
1002 3588 1067 3646 Zahl,
1085 3605 1153 3636 wenn
1171 3588 1231 3636 auch
1249 3589 1302 3636 eine
1318 3603 1401 3652 grosse,
1412 3581 1460 3632 doch

305 3671 357 3719 eine
378 3671 531 3720 beschriinkte
546 3672 619 3722 war.''
654 3673 682 3720 In
698 3675 786 3736 populo
804 3673 869 3720 enim
887 3689 934 3720 non
952 3673 1130 3735 comprehensos
1147 3673 1220 3720 fuisse
1238 3676 1353 3721 senatores
1375 3669 1460 3734 equias-
1508 3727 1509 3736 ¹

305 3771 350 3818 que
383 3771 395 3802 e
420 3755 497 3803 Dione
519 3754 696 3818 intellegimus;
723 3756 743 3803 si
769 3771 823 3804 vero
849 3756 946 3803 alteram
972 3772 1090 3803 summam
1118 3755 1168 3816 (Hs
1186 3756 1311 3816 3500000)
1341 3756 1369 3804 de
1395 3752 1461 3818 priore

304 3838 355 3899 (HS
379 3839 521 3898 40000000)
546 3839 691 3895 deducimus,
717 3855 775 3902 quae
805 3839 892 3902 reliqui
918 3855 1011 3886 summa
1035 3840 1062 3886 fit
1079 3839 1129 3900 (HS
1148 3839 1290 3899 36500000)
1307 3838 1383 3887 multo
1399 3835 1462 3884 maior
1508 3841 1509 3846 ’

305 3924 347 3978 est,
373 3936 444 3984 quam
470 3926 497 3970 ut
524 3922 584 3969 hanc
610 3923 640 3970 iis
666 3922 706 3984 qui
733 3922 841 3985 inplete
857 3923 1067 3970 frumentationum
1085 3938 1133 3969 non
1150 3922 1274 3986 participes
1292 3925 1375 3978 essent,
1391 3924 1412 3967 at
1428 3915 1462 3964 HS

306 4004 421 4054 3500000
438 4005 469 4052 iis
486 4005 528 4067 qui
545 4021 624 4053 earum
642 4004 767 4068 participes
785 4008 869 4061 essent,
888 4005 965 4053 datum
979 4005 1052 4052 fuisse
1069 4005 1130 4053 mihi
1148 4006 1307 4068 persuadeam.

340 4087 358 4147 ¹)
392 4087 428 4134 Ita
453 4088 501 4135 iam
530 4088 681 4136 Casaubonus
703 4089 730 4135 ad
750 4088 812 4136 Suet.
831 4089 891 4151 Aug.
912 4088 967 4147 101,
985 4089 1026 4151 qni
1045 4089 1089 4136 ista
1106 4089 1217 4152 opinione
1234 4092 1262 4136 ut
1279 4089 1378 4136 absurda
1394 4082 1461 4145 exagi-

296 4173 352 4240 tata
377 4169 420 4217 hoc
446 4171 515 4218 modo
540 4171 630 4234 pergit:
650 4171 726 4234 „Nam
745 4176 824 4219 contra
841 4187 879 4218 eos
896 4171 970 4218 fuisse
989 4171 1055 4220 velut
1072 4171 1283 4230 administratores,
1301 4174 1323 4219 et
1341 4163 1460 4218 istiusmodi

305 4252 470 4316 similiumque
495 4253 650 4318 largitionum
673 4255 794 4312 divisores,
821 4255 936 4302 Asconius
961 4253 1050 4303 alicubi
1076 4255 1172 4312 iudicat,
1190 4256 1212 4303 et
1230 4271 1257 4303 ax
1275 4254 1359 4304 Plauto
1375 4250 1458 4317 probat:

305 4352 440 4401 quanquam
457 4336 501 4386 ille
518 4353 566 4386 non
585 4338 612 4386 de
630 4338 823 4401 vieo-magistris,
840 4337 880 4386 sed
896 4337 1016 4387 curiarum
1036 4338 1061 4386 id
1078 4337 1184 4387 scribit.”
1286 4345 1293 4356 ⁴
