3122 5130
643 543 683 607 ol

70 720 187 801 lentes,
214 719 312 800 cicer,
337 719 457 806 lupini,
483 719 617 800 similia,
629 719 654 807 ¹)
678 743 793 786 norme
817 720 953 805 egregia
978 722 1164 810 magnique
1176 725 1241 792 cibi

27 845 30 853 '
71 835 285 900 nutrimenta
307 834 414 898 sunt?
435 834 536 914 Quid,
561 834 654 921 quod
676 834 731 900 vel
755 855 824 899 uno
847 855 918 900 asse
930 835 1037 900 cicere
1049 835 1245 925 lupinisque

70 948 198 1012 famem
222 945 434 1032 explebant?
457 945 483 1033 2)

112 1060 284 1125 Graviora
305 1066 384 1124 sunt
407 1081 446 1124 ea
470 1080 557 1146 quae
573 1058 720 1144 legimus
733 1061 825 1147 apud
838 1061 1040 1127 Iuvenalem
1053 1063 1243 1154 :„(Romae)

72 1195 195 1258 magno
220 1195 400 1238 servorum
419 1180 564 1254 ventres
590 1181 623 1238 ct
654 1174 744 1258 frugi
768 1173 890 1238 cenula
914 1177 1071 1259 magn0.’'
1098 1176 1123 1264 ³)
1147 1186 1244 1244 —et

71 1287 160 1371 apud
183 1285 398 1352 Martialem:
412 1287 438 1372 4)
465 1287 553 1366 „Hic
573 1262 727 1372 pretiosa·
744 1287 858 1352 sames.
869 1288 1158 1377 conturbatorque
1172 1315 1242 1358 ma-

72 1399 205 1464 cellus.''
248 1400 318 1465 Hic
341 1407 458 1464 tamen
482 1399 673 1465 tenendum
697 1422 777 1466 cum
801 1406 995 1466 saturarum
1017 1409 1051 1467 et
1075 1404 1244 1489 epigram·

71 1520 202 1578 matum
223 1514 404 1599 scriptores
427 1535 479 1579 res
503 1513 616 1579 verbis
641 1535 841 1599 exasperare
867 1514 973 1579 solere
998 1521 1074 1580 tum
1096 1525 1243 1605 utroque

71 1625 140 1691 loco
164 1626 349 1692 manifesto
373 1627 581 1692 rusticanam
604 1627 714 1694 vitam
737 1649 818 1692 curn
832 1627 964 1693 urbana
976 1630 1122 1695 conferri
1134 1631 1244 1698 illam-

76 1761 136 1825 que
171 1762 302 1825 magno
336 1740 447 1804 studio
482 1740 725 1821 commendari,
763 1740 852 1806 hanc
887 1749 1005 1807 contra
1033 1743 1071 1807 in
1095 1744 1243 1812 deterius

73 1853 167 1918 trahi.
193 1852 372 1920 Iuvenalis
394 1854 487 1919 enim
502 1854 721 1921 Urnbricium
735 1855 918 1940 quendam,
932 1856 1048 1922 virum
1060 1859 1240 1943 optimum,

75 1987 114 2030 ex
149 1967 233 2032 urbe
271 1967 382 2032 Roma
406 1967 531 2032 Cumas
554 1968 761 2052 migrantem
785 1975 819 2032 et
842 1969 893 2033 sui
917 1969 1081 2035 discessus
1104 1993 1242 2038 causam

76 2088 305 2166 exponentem
338 2081 478 2161 inducit,
520 2081 612 2167 quod
648 2089 784 2146 tantum
829 2084 1025 2168 peregrinis
1062 2085 1240 2168 sceleratis,

76 2193 307 2260 adulatoribus
334 2195 498 2280 pessimis,
522 2195 745 2261 servientium
769 2196 902 2276 animis,
927 2218 997 2261 non
1021 2205 1137 2263 autem
1159 2200 1242 2266 viris

77 2305 167 2374 bonis
205 2309 244 2373 in
289 2308 372 2373 urbe
407 2306 501 2373 locus
536 2308 587 2373 sit.
634 2309 678 2373 Et
706 2309 798 2395 apud
833 2309 1027 2375 Martialem
1062 2311 1241 2379 laudatum

75 2442 206 2487 versum
241 2422 462 2507 subsequitur
496 2423 571 2488 hic:
612 2422 751 2501 „Mensa
774 2422 821 2487 ibi
846 2423 902 2509 (so.
928 2423 965 2488 in
988 2431 1107 2510 poetae
1131 2428 1241 2512 patria

74 2534 250 2623 Hispania)
276 2535 403 2602 divitiis
430 2537 518 2601 ruris
552 2542 669 2622 operta
703 2537 786 2601 sui.''
835 2537 912 2601 Non
949 2537 1157 2623 simpliciter,
1182 2542 1241 2607 sed

75 2707 264 2719 ψ

73 2778 117 2826 sich
133 2781 170 2830 fiir
187 2783 259 2830 einen
277 2783 310 2829 As
328 2784 373 2829 satt
390 2797 455 2828 essen
473 2781 569 2840 konnte)
588 2781 636 2828 und
653 2779 771 2828 wohlieile
788 2779 887 2836 Fische;
905 2780 944 2827 eiu
961 2780 1007 2828 mit
1023 2780 1240 2844 Lauchgesottener

75 2861 205 2928 Schslskopf
228 2866 286 2914 oder
303 2865 342 2912 eiu
358 2864 517 2927 perducherter
534 2863 711 2926 Schweinslropl
725 2879 773 2910 war
790 2863 828 2910 ein
846 2863 990 2911 Festesscrr.’'
1009 2864 1073 2911 Hsec
1090 2865 1159 2913 verbo
1176 2867 1239 2914 Frie-

76 2944 204 2996 dliiudcrnrn
223 2964 305 2997 revers
322 2948 347 2994 in
364 2947 452 2994 malam
469 2951 557 3010 partem
576 2946 680 3009 intellegi
705 2945 766 2994 velle
783 2950 883 3010 apparet,
910 2947 997 3010 quippe
1014 2963 1073 3010 quae
1090 2947 1197 3010 legantur
1214 2951 1239 2997 in

76 3027 127 3085 loeo,
144 3031 183 3078 ubi
202 3046 334 3096 pauperum
352 3031 436 3078 misera
453 3031 559 3078 condicio
576 3030 721 3093 depingatur.
855 3015 858 3020 Ι

105 3112 120 3171 ¹)
138 3113 172 3162 ef.
191 3115 264 3164 Mart.
284 3113 312 3171 ll,
330 3115 369 3171 48,
389 3113 435 3161 16:
455 3113 532 3177 „Faba
548 3112 695 3160 sohrorum''.'
711 3113 761 3160 Iuv.
781 3112 826 3169 ΙΙΙ,
836 3111 884 3159 292
894 3128 973 3175 seqq:
994 3113 1083 3176 „Cuius
1092 3120 1162 3173 aceto,
1172 3116 1239 3164 cuius

76 3195 153 3244 conche
170 3198 269 3247 tumes?
287 3197 340 3261 quis
358 3200 437 3247 tecum
453 3196 532 3244 sectile
549 3211 646 3260 porrum
665 3199 729 3243 sutor
746 3199 768 3242 et
777 3194 832 3242 elixi
844 3196 945 3242 vervecis
955 3194 1020 3243 labro
1030 3198 1129 3244 comedit
1139 3198 1166 3244 ‚0'’
1177 3199 1239 3262 [Vet.

76 3275 203 3328 Scholiast:
224 3279 319 3344 „Cusus
337 3293 434 3328 corona
451 3279 526 3328 Cuius
543 3279 596 3328 faba
613 3278 707 3326 inssatus
725 3278 773 3326 cs.’'
793 3277 903 3326 Weidner
919 3279 948 3326 ad
966 3278 989 3326 h.
1008 3277 1042 3326 l.:
1063 3281 1172 3342 „conchis
1183 3318 1188 3328 .
1200 3319 1205 3329 .
1217 3320 1238 3329 ..

75 3357 101 3406 ist
124 3361 173 3410 eine
191 3365 236 3412 Art
254 3362 429 3426 Linsenbrei.'']
448 3363 506 3410 Hor.
525 3363 571 3410 Sat.
590 3361 622 3419 ΙΙ,
642 3361 664 3418 3,
685 3361 732 3409 182
750 3377 813 3424 seq.:
835 3361 879 3424 „ln
897 3361 969 3409 cicere
986 3364 1055 3425 atque
1072 3363 1125 3410 saba
1142 3364 1238 3412 bonatu

76 3443 192 3508 perdasque
208 3445 310 3512 lupinis,
328 3445 389 3494 latus
407 3446 476 3494 utin
493 3446 554 3493 circo
572 3445 669 3510 spatiere
685 3449 708 3493 et
725 3460 809 3492 aeneus
828 3449 855 3492 ut
872 3444 942 3492 stes.''
961 3444 1030 3492 Mart.
1050 3446 1069 3502 l,
1088 3450 1128 3503 41,
1149 3448 1237 3510 5seq.=

77 3524 153 3589 ,Quod
170 3530 260 3579 otiosae
276 3529 357 3578 vendit
373 3529 414 3593 qui
432 3529 553 3576 madidum
571 3529 631 3576 cicer
648 3526 767 3576 coronae.''
786 3528 821 3575 Id.
840 3528 859 3586 Ι,
879 3527 934 3585 103,
954 3527 1000 3574 1οι
1021 3530 1094 3591 „Asse
1111 3529 1171 3577 cicer
1180 3530 1238 3594 tepi-

75 3607 125 3656 dum
141 3613 256 3661 constat.’'
274 3612 305 3660 Et
320 3611 378 3659 alios
396 3611 459 3660 locos
476 3611 562 3674 plures.

106 3691 123 3751 ²)
139 3693 173 3742 Os.
191 3695 281 3744 Friedl.
300 3695 352 3743 loco
369 3695 438 3744 modo
455 3696 541 3752 citat03
562 3695 632 3744 Mart.
651 3694 670 3752 Ι,
689 3694 745 3752 103,
765 3694 796 3741 10
814 3694 892 3754 (modo
910 3693 1058 3755 laudatum);
1077 3695 1170 3742 Petron.
1190 3697 1238 3743 Sat.

78 3771 118 3822 14:
144 3777 254 3841 „Praeter
272 3794 347 3827 unum
363 3778 512 3842 dipondium,
530 3794 577 3840 quo
600 3777 660 3824 cicer
677 3776 818 3840 lupinosque
835 3776 1033 3825 destinaveramus
1051 3777 1157 3832 mercari,
1175 3777 1239 3824 nihil

77 3856 102 3902 ad
117 3873 210 3909 manum
228 3860 304 3909 erst.''
424 3844 427 3849 ’

105 3940 122 3998 ³)
139 3943 189 3993 Iuv.
207 3945 254 4003 III,
270 3945 318 3993 166
332 3961 378 4008 seq.

107 4025 124 4082 ⁴)
140 4026 208 4076 Mart.
235 4028 264 4086 x,
300 4027 339 4085 96,
359 4027 381 4076 9.
400 4028 489 4090 Utique
507 4027 659 4076 Friedldnder
677 4043 725 4074 rein
742 4025 816 4073 nimis
834 4040 916 4088 urgere
932 4025 992 4072 mihi
1012 4026 1112 4083 videtur,
1131 4027 1172 4075 ubi
1195 4027 1238 4077 hoc

78 4102 122 4152 loeo
145 4112 265 4175 tumqusm
292 4110 440 4159 adminiculo
467 4127 523 4158 usus
548 4111 607 4159 dicit
632 4115 662 4172 (o.
680 4110 696 4158 l.
720 4125 771 4172 psg.
791 4109 838 4165 26;
857 4110 885 4156 cl.
905 4109 977 4156 etism
995 4124 1047 4172 pag.
1066 4109 1139 4170 aaa:
1159 4113 1238 4174 „Aber

80 4189 132 4237 auch
148 4192 186 4242 die
202 4195 284 4243 Preise
302 4193 362 4242 aller
379 4193 469 4241 andern
485 4209 540 4242 zum
558 4193 635 4241 leben
652 4191 834 4254 nothuendigeu
851 4191 929 4254 Dirige
946 4207 1023 4239 varen
1041 4193 1095 4241 sehr
1112 4192 1179 4250 hoch,
1195 4210 1236 4244 rnr-

82 4273 186 4325 mentlich
203 4279 241 4327 die
262 4317 267 4328 .
289 4316 293 4326 .
314 4316 319 4324 .
338 4277 379 4325 der
395 4276 600 4339 Nahriurgsmittel
618 4276 657 4324 fiir
674 4276 712 4324 die
729 4276 819 4322 Armes
836 4273 907 4322 laum
923 4273 1129 4338 erselrwinglich.’'
