3122 5130
654 628 695 690 35

65 805 289 891 Schwegler,
327 805 351 892 ¹)
384 806 476 887 alios,
502 804 683 870 coniecisse
707 805 797 897 inter
819 803 1049 892 Tarquinium
1072 804 1256 893 expulsum

64 919 112 977 et
161 911 387 977 secessionem
421 911 460 975 in
494 915 649 974 montem
682 930 817 974 sacrum
853 908 930 994 plus
966 932 1071 996 quam
1108 910 1256 976 sedecim

67 1045 192 1090 annos
226 1045 297 1090 esse
332 1022 588 1110 praeterlapsos,
636 1022 731 1087 Haec
763 1029 880 1086 tamen
903 1023 930 1086 si
954 1023 1057 1088 missa
1080 1023 1254 1103 faciamus,

70 1137 333 1224 quaerendum,
358 1136 449 1201 unde
473 1135 638 1221 explicari
662 1135 766 1220 possit
789 1134 941 1220 expulsis
960 1135 1098 1221 regibus
1110 1135 1256 1222 plebeio-

71 1273 165 1316 rum
203 1273 255 1315 res
289 1257 361 1316 tam
395 1249 549 1316 celeriter
582 1247 620 1312 in
656 1247 804 1313 deterius
833 1269 903 1319 esse
928 1269 1115 1314 conversas
1163 1250 1254 1330 Tres,

71 1365 150 1430 nisi
185 1362 293 1444 fallor,
329 1363 546 1449 potissimum
575 1382 695 1426 causae
720 1359 853 1425 malum
875 1360 962 1425 illud
986 1368 1254 1428 contraxerunt:

73 1478 177 1544 bella
212 1478 344 1554 assidue
382 1499 463 1543 cum
496 1475 651 1562 finitimis
685 1474 820 1561 populis
854 1483 957 1559 gesta,
994 1476 1148 1542 condicio
1183 1477 1253 1558 soli,

73 1591 288 1676 magnitudo
312 1591 398 1656 aeris
421 1590 524 1655 alieni
548 1611 615 1675 quo
639 1587 751 1674 plebei
775 1594 872 1653 erant
890 1588 1045 1656 demersi.
1080 1591 1256 1656 Postrema

74 1711 120 1770 ut
159 1704 286 1769 multas
320 1703 471 1768 miserias
506 1700 677 1782 afferebat,
712 1702 760 1766 ita
793 1702 867 1787 ipsa
903 1724 946 1767 ex
969 1724 1095 1787 magna
1118 1711 1256 1790 partea

75 1819 206 1883 ceteris
241 1816 373 1882 duabus
408 1823 457 1882 est
491 1815 685 1901 repetenda.
733 1796 954 1880 illustrantur
989 1816 1073 1881 haec
1097 1817 1255 1902 exemplo

74 1931 177 1996 illius
216 1930 432 2010 centurionis,
467 1929 572 2009 cuius,
609 1929 637 1993 si
671 1928 771 1994 Livio
803 1928 908 1994 fidem
942 1929 1077 2010 habeas,
1112 1929 1283 2014 insignis

75 2044 261 2109 calamitas
304 2043 472 2110 invidiam
517 2064 578 2106 sua
625 2048 744 2127 sponte
783 2040 983 2125 gliscentem
1016 2043 1180 2109 accendit.
1228 2043 1255 2130 ⁹)

76 2158 114 2222 Is
152 2157 256 2237 enim,
281 2163 463 2243 postquam
500 2178 598 2235 „eum
630 2156 786 2221 omnium
821 2155 991 2220 malorum
1015 2178 1155 2222 suorum
1177 2157 1256 2222 insi·

77 2269 210 2355 gnibus
255 2292 288 2334 se
326 2271 363 2334 in
398 2271 512 2335 forum
558 2269 730 2355 proiecit,''
767 2267 793 2353 ³)
841 2269 1117 2351 „sciscitantibus
1163 2270 1254 2336 unde

78 2383 140 2448 ille
175 2382 322 2464 habitus,
358 2383 449 2448 unde
483 2382 690 2463 deformitas,
714 2404 795 2446 eum
818 2383 1024 2448 circumfusa
1047 2382 1148 2448 turba
1171 2389 1256 2449 esset

79 2517 191 2583 prope
223 2496 261 2560 in
293 2496 460 2561 contionis
495 2496 648 2576 modum,
683 2495 809 2561 Sabino
845 2494 933 2560 bello
969 2496 1017 2560 ait
1050 2518 1084 2560 se
1108 2495 1257 2561 militan-

79 2617 166 2690 tem,
215 2609 296 2695 quia
340 2615 478 2696 propter
523 2609 760 2695 populationes
794 2608 868 2692 agri
901 2629 971 2673 non
1006 2609 1119 2674 fructu
1153 2610 1256 2676 modo

81 2722 242 2803 caruerit,
279 2722 337 2788 sed
370 2721 453 2788 villa
486 2722 625 2788 incensa
661 2723 771 2802 fuerit,
808 2721 940 2807 direpta
974 2723 1099 2804 omnia,
1134 2745 1256 2809 pecora

82 2837 215 2917 abacta,
261 2834 430 2901 tributum
474 2836 595 2922 iniquo
641 2857 701 2900 suo
744 2841 897 2920 tempore
942 2835 1159 2921 imperatum,
1200 2859 1256 2902 aes

82 2951 238 3016 alienum
282 2949 407 3015 fecisse.
454 2949 491 3013 id
536 2948 751 3014 cumulatum
794 2947 905 3013 usuris
947 2949 1058 3034 primo
1105 2971 1138 3014 se
1174 2971 1255 3035 agro

79 3070 226 3150 paterno
262 3062 424 3149 avitoque
460 3063 603 3144 exuisse,
643 3062 765 3128 deinde
802 3062 947 3127 fortunis
977 3061 1060 3143 aliis
1085 3069 1255 3148 postremo

79 3177 180 3244 velut
203 3175 319 3242 tabem
344 3177 538 3262 pervenisse
564 3177 608 3241 ad
631 3196 772 3261 corpus;
799 3174 941 3240 ductum
967 3197 1000 3240 se
1024 3175 1067 3240 ab
1091 3176 1254 3242 creditore

79 3313 152 3356 non
176 3290 214 3354 in
240 3290 428 3370 servitium,
455 3290 513 3355 sed
534 3290 572 3354 in
585 3288 795 3374 ergastulum
808 3295 841 3352 et
853 3289 1089 3354 carnificinam
1102 3290 1203 3355 esse.''
1229 3290 1255 3378 ⁴)

128 3426 157 3468 a.
204 3403 298 3468 Bello
346 3403 468 3469 assidue
512 3406 584 3468 eum
623 3403 778 3488 finitimis
818 3403 949 3488 populis
991 3411 1086 3486 peste.
1156 3403 1256 3468 Dicat

82 3516 256 3604 quispiam
290 3517 448 3602 patricios
482 3538 553 3581 non
576 3517 692 3580 minus
715 3536 821 3601 quam
844 3514 993 3601 plebeios
1017 3516 1153 3580 iniuriis
1176 3538 1254 3582 eon-

86 3632 265 3696 tinuorum
299 3629 468 3695 bellorum
490 3631 677 3716 ceterisque
701 3628 927 3694 incommodis
950 3629 1051 3693 fuisse
1076 3629 1254 3716 expositos.

91 3745 194 3809 Hunc
229 3764 271 3807 ne
307 3743 435 3827 fugiat:
475 3742 518 3808 1⁰.
553 3743 720 3829 patricios,
746 3748 862 3828 utpote
887 3742 1032 3822 ditiores,
1057 3741 1179 3806 melius
1202 3742 1257 3814 de-

90 3858 293 3923 trimentum
308 3856 344 3920 in
357 3856 446 3922 bello
459 3863 638 3942 acceptum
649 3856 746 3923 brevi
758 3862 909 3940 tempore
923 3855 1081 3919 resarcire
1094 3855 1255 3940 potuisse3

100 4024 291 4037 ...-——-.---

126 4112 140 4169 ¹)
158 4111 186 4158 R.
206 4109 234 4156 G.
254 4108 280 4156 Π
298 4124 350 4171 pag.
369 4109 426 4156 206.
750 4145 752 4150 .

120 4193 140 4254 ²⁸)
163 4193 217 4242 niv.
237 4191 270 4249 II,
291 4191 330 4248 23,
349 4191 370 4240 2.
389 4191 425 4240 Cf.
444 4191 516 4240 etiam
535 4191 605 4239 Dion.
624 4191 665 4246 Vl,
687 4191 725 4238 26.

122 4275 141 4337 ³)
164 4275 217 4326 Liv.
237 4273 256 4324 l.
274 4273 292 4322 l.
311 4277 321 4334 §
339 4275 361 4323 3.

121 4360 138 4421 ⁴)
163 4363 173 4422 ς
192 4359 217 4415 5,
236 4358 259 4405 6.
