3122 5130
639 589 677 654 31

72 771 267 838 condicione
302 795 342 838 ac
378 789 523 836 numero
558 768 821 855 proletariorum
855 775 889 834 et
911 769 1021 856 capite
1046 789 1242 836 censorum.

71 885 251 970 Dionysius
288 884 313 971 ¹)
347 889 465 950 narrat
495 903 551 948 eos
574 903 718 948 numero
742 882 886 947 assiduis
908 883 1009 948 fuisse
1035 883 1233 969 superiores,

71 998 160 1064 inter
193 1020 251 1065 eos
286 998 414 1064 multos
447 997 549 1062 fuisse
580 995 817 1082 pauperrimos
841 1017 912 1062 non
944 996 1132 1062 admodum
1153 996 1238 1062 veri-

72 1111 174 1178 simile
209 1113 301 1178 mihi
333 1112 479 1179 videtur.
526 1109 692 1193 Magnam
727 1115 860 1196 partem
895 1116 993 1176 erant
1026 1109 1164 1197 opifices
1189 1115 1235 1175 et·

72 1224 239 1307 sellularii,
265 1247 353 1313 quos
377 1223 475 1290 facile
499 1223 631 1289 victum
655 1223 861 1309 quaesivisse
886 1229 1155 1289 consentaneum
1178 1231 1238 1290 est.

72 1338 285 1422 Argumenta
307 1339 344 1403 in
367 1343 530 1424 promptu
553 1343 643 1402 sunt.
678 1337 754 1402 Iam
782 1337 934 1402 Numam
957 1358 1083 1422 regem,
1100 1339 1238 1404 fortasse

72 1453 169 1516 etiam
191 1448 356 1519 Servium
378 1450 534 1516 Tullium
556 1449 582 1537 Β)
607 1456 682 1515 octo
706 1449 871 1536 opificum
893 1449 1038 1536 collegia
1053 1451 1238 1518 instituisse

73 1573 203 1653 accepta
225 1565 420 1652 antiquitus
431 1564 546 1650 opinio
560 1570 618 1645 est,
632 1562 660 1650 8)
682 1585 769 1650 quae
783 1570 879 1629 tanta
891 1570 991 1630 erant
1000 1566 1187 1647 sanctitate,
1201 1572 1239 1631 ut
1312 1557 1316 1564 ’

72 1701 110 1744 ne
143 1686 224 1746 tunc
257 1679 402 1766 quidem
424 1678 492 1743 sint
515 1676 658 1758 sublata,
683 1697 765 1742 oum
787 1683 924 1742 senatus
946 1677 1142 1744 consultum
1155 1679 1239 1766 plu-

72 1815 184 1880 resque
214 1793 311 1888 leges
334 1799 457 1857 cuncta
480 1790 623 1875 collegia
645 1791 881 1858 distraherent.
906 1791 932 1879 4)
955 1791 1168 1879 Scriptorum
1192 1799 1238 1859 te·

72 1907 222 1972 stimonia
250 1906 355 1994 plane
379 1905 543 1971 deficiunt
566 1904 658 1969 unde
687 1905 844 1989 cognosci
869 1905 974 1991 possit
998 1927 1086 1993 quae
1109 1907 1238 1972 fuerint

72 2027 187 2086 natura
221 2043 260 2086 ac
287 2019 488 2106 temperatio
512 2018 638 2083 horum
662 2017 893 2102 collegiorum.
906 2059 921 2113 .'
939 2020 1113 2102 Attamen,
1135 2020 1164 2086 si
1186 2021 1242 2085 ni··

73 2133 116 2198 hil
136 2134 237 2216 aliud,
264 2134 331 2199 hoc
355 2139 443 2198 certe
468 2132 555 2200 effici
580 2153 675 2218 posse
700 2133 836 2198 videtur
860 2155 1080 2200 communem
1097 2155 1237 2200 causam

75 2269 248 2334 operarum
285 2268 354 2312 uon
390 2267 526 2332 prorsus
561 2267 631 2311 esse
661 2245 862 2331 neglectam.
909 2247 1002 2326 Quin
1025 2249 1130 2314 etiam
1153 2251 1236 2316 certi

75 2363 207 2447 quidam
242 2360 333 2426 fabri
366 2359 467 2426 rebus
500 2366 572 2424 tarn
603 2360 759 2425 secundis
783 2359 982 2442 utebantur,
1001 2369 1039 2427 ut
1062 2363 1098 2427 in
1122 2371 1238 2429 centu·

73 2475 132 2540 rias
175 2475 359 2542 Servianas
405 2470 557 2559 discripti
602 2480 722 2538 essent.
775 2473 872 2540 Servi
906 2497 997 2556 vero,
1023 2476 1083 2563 qui
1120 2481 1260 2564 postea

72 2588 104 2652 in
135 2588 297 2654 omnibus
331 2588 449 2653 officiis
482 2594 555 2652 tam
588 2609 709 2671 graves
733 2587 859 2652 aemuli
883 2589 1031 2671 fuerunt,
1055 2596 1138 2656 tunc
1161 2613 1235 2677 per·

73 2723 169 2786 quam
192 2702 296 2789 pauci
320 2708 416 2766 erant
439 2722 593 2766 numero.
620 2703 641 2774 ⁵)
664 2701 745 2766 Fuit
767 2708 903 2787 tempus
925 2701 1020 2783 illud,
1046 2725 1126 2768 cum
1149 2705 1234 2785 „sin-

117 2873 133 2934 1)
151 2871 294 2933 lv,'·1s,2:
320 2861 404 2932 „reio
435 2859 467 2922 di
498 2862 615 2932 λοιποὺς
636 2867 775 2935 πολίτας,
797 2867 825 2922 οἳ
844 2868 965 2940 τίμησιν
989 2855 1067 2946 εἶχον
1088 2862 1236 2927 ἐλάττονα

72 2959 176 3024 δώδεκα
226 2961 278 3024 καὶ
321 2961 443 3036 ἡμίσους
479 2967 570 3034 μνῶν,
604 2963 720 3029 πλείους
752 2957 804 3019 τὸν
835 2959 1026 3037 <ἂμθμὸν>
1057 2953 1144 3030 ὄντας
1176 2969 1236 3022 τῶν

72 3058 219 3134 προτέρων.
244 3105 250 3116 .
276 3103 283 3116 .
308 3059 333 3116 .”
361 3067 395 3116 ld.
424 3067 477 3125 Vll,
503 3067 543 3124 59,
562 3067 593 3114 σι
624 3060 665 3124 nei
691 3055 718 3116 δ’
747 3054 934 3131 ἀπορώτατοι
954 3065 1013 3117 τῶν
1033 3063 1163 3118 πολιτῶν
1183 3056 1234 3123 οὐκ

72 3148 206 3222 ἐλάττους
228 3161 290 3214 τῶν
309 3153 410 3213 ἄλλων
430 3155 570 3214 ἁπάντων
591 3153 673 3222 ὄντες
695 3157 761 3213 ...”
789 3160 899 3210 Ceteram
925 3163 1002 3228 Lange
1025 3163 1052 3226 (l.
1070 3163 1088 3213 l.
1106 3179 1158 3228 pag.
1177 3163 1235 3220 478)

73 3247 169 3313 ineptum
186 3268 236 3300 esse
254 3251 314 3299 dicit
330 3255 410 3315 putare
427 3251 482 3298 haee
500 3251 546 3307 iarn
564 3251 680 3314 pertinere
697 3251 725 3298 ad
742 3251 906 3314 antiquissima
922 3255 1034 3316 tempora.
1080 3236 1082 3240 Ι

100 3331 117 3391 ²)
134 3334 213 3382 Servio
231 3333 313 3382 Tullio
333 3334 484 3383 ascribuntur
500 3350 514 3382 a
530 3333 600 3382 Floro
616 3334 645 3396 (I,
664 3334 695 3394 6).

100 3415 118 3475 ³)
146 3416 273 3482 llssaltziag,
300 3417 376 3466 Etude
394 3417 523 3481 historique
549 3433 590 3464 sur
615 3416 649 3464 les
667 3417 825 3481 corporations
842 3417 1047 3482 professionnellea
1064 3419 1119 3468 ohez
1136 3418 1170 3468 les
1187 3419 1233 3468 Ra·

71 3499 148 3558 mains,
164 3502 176 3548 l
194 3517 246 3565 pag.
268 3501 299 3548 ot
317 3517 389 3565 seqq,
407 3501 498 3565 copiose
515 3500 599 3548 refutat
613 3515 651 3547 eos
669 3499 710 3562 qui
728 3501 829 3564 priscam
847 3499 915 3549 illarn
933 3505 1071 3551 vetustatem
1088 3501 1233 3552 addubitant.

99 3585 117 3642 4)
135 3583 240 3648 Collegia
258 3583 330 3632 saissa
348 3583 440 3632 sublata
457 3583 537 3631 crebra
552 3583 642 3630 mentio
659 3583 692 3630 fit.
711 3583 826 3631 Asconius
845 3584 870 3632 in
888 3584 1060 3644 comelantum,
1070 3601 1121 3650 pag.
1132 3585 1163 3637 75
1174 3585 1232 3635 Or:

72 3666 221 3731 ,Frequenter
246 3671 298 3715 tam
324 3667 394 3714 etiam
420 3670 497 3714 coetus
523 3665 672 3714 factiosorum
695 3667 820 3714 hominum
838 3668 888 3715 siae
905 3667 1001 3733 publiea
1017 3669 1153 3718 auctoritate
1169 3669 1232 3718 malo

69 3748 159 3810 publico
175 3750 278 3798 fiebant:
297 3750 470 3814 propterquod
488 3753 566 3812 postea
584 3747 681 3812 collegia
698 3749 720 3796 S.
740 3749 766 3796 C.
785 3754 807 3798 et
824 3749 933 3814 pluribus
950 3751 1042 3815 legibus
1059 3755 1115 3800 suut
1132 3751 1231 3810 sublata,

69 3836 150 3893 praeter
175 3849 248 3898 pauca
274 3837 342 3896 atquc
368 3837 435 3890 certa,
462 3848 521 3896 quae
547 3832 638 3880 utilitas
665 3831 768 3880 civitatis
794 3833 946 3882 desiderasset
971 3834 1045 3898 quasi,
1068 3838 1095 3882 ut
1111 3834 1231 3884 fabrorum

69 3914 238 3980 fictorumque.”
258 3916 389 3980 [Postrema
405 3914 475 3964 verba
492 3913 598 3978 incerta]
617 3913 653 3962 cf.
671 3915 741 3963 etiam
758 3916 857 3963 eundem
875 3915 900 3964 in
917 3916 1076 3974 Pisonianam,
1093 3919 1145 3981 pag.
1164 3917 1230 3969 lOr.

70 3995 155 4048 Sueten.
179 3998 226 4047 lul.
237 3999 269 4046 42
280 4019 284 4045 :
305 3998 410 4066 „Cuncta
419 3996 524 4060 collegia,
533 4002 623 4061 praeter
631 3997 762 4061 antiquitus
772 3999 904 4057 constituta,
915 3999 1045 4048 distraxit.’'
1064 3999 1098 4047 Id.
1109 4000 1169 4062 Aug.
1181 3999 1212 4049 32
1225 4021 1230 4048 z

70 4080 184 4145 ,Collegia
201 4085 293 4146 praeter
311 4081 407 4144 antiqua
424 4085 446 4129 et
456 4080 561 4144 legitima
570 4080 702 4129 dissolvit.''
721 4081 786 4129 Inter
794 4081 850 4129 haec
860 4080 1078 4146 „collegiaantiqua
1086 4086 1109 4131 et
1117 4082 1230 4146 legitima,

69 4177 121 4224 quae
138 4165 229 4214 utilitas
239 4163 341 4212 civitatis
353 4162 527 4221 desiderasset,”
538 4163 630 4212 Numae
639 4163 742 4228 primurn
752 4163 830 4212 locum
839 4163 969 4213 obtinuisse
976 4165 1031 4229 quis
1039 4165 1085 4214 erit
1092 4165 1135 4229 qui
1143 4169 1231 4230 neget?

70 4243 102 4293 cf.
127 4247 256 4297 Liebenom
274 4249 342 4296 acm.
360 4247 485 4296 Vereiasav.
503 4263 554 4312 pag.
574 4247 613 4305 24,
631 4247 671 4304 27,
689 4246 737 4302 30;
755 4245 874 4310 Waltaing
890 4245 907 4295 l.
918 4246 935 4296 l.
953 4263 1005 4312 pag.
1024 4247 1080 4306 110,
1099 4248 1155 4307 113,
1174 4248 1236 4300 llo.

100 4328 118 4390 ὁ)
133 4330 251 4394 Waltaiag
268 4329 284 4379 l.
304 4329 320 4378 l.
338 4346 388 4394 pag.
407 4331 446 4388 67,
465 4330 512 4386 78;
531 4329 632 4388 Wallon,
651 4329 714 4377 Hist.
733 4329 760 4376 de
777 4327 868 4387 l’Esel,
885 4327 921 4376 ΙΙ*
937 4345 989 4394 pag.
1008 4329 1047 4379 11.
1133 4381 1135 4386 ,
