3122 5130
886 569 930 636 74

327 744 548 828 naufragium
581 745 742 832 (misellas
776 747 936 833 reliquias
950 747 971 833 l)
1001 767 1118 812 secum
1139 744 1255 810 trahit.
1305 737 1373 806 Sed
1395 733 1482 822 ipsius

328 857 493 923 Martialis
516 881 634 926 versus
657 860 943 926 transcribamus:
1267 840 1270 844 ’

553 971 601 1052 ,,Ο
624 973 793 1038 Iuliarum
817 973 962 1039 dedecus
986 972 1233 1052 Kalendarum,

550 1085 642 1166 Vidi,
667 1087 824 1167 Vacerra,
850 1088 998 1152 sarcinas
1021 1092 1105 1167 tuas,
1130 1085 1223 1166 vidi3

551 1199 643 1278 Quas
667 1221 736 1264 non
760 1207 908 1266 retentas
931 1200 1092 1286 pensione
1117 1220 1178 1286 pro
1202 1199 1297 1270 bima

552 1313 714 1378 Portabat
736 1335 823 1379 uxor
846 1315 922 1379 rufa
945 1313 1096 1379 crinibus
1119 1319 1250 1399 septem

449 1471 452 1479 ·
552 1425 699 1492 Etcum
722 1448 833 1492 sorore
858 1449 943 1494 cana
965 1433 1074 1493 mater
1097 1426 1239 1511 ingenti.

551 1539 672 1605 Furias
695 1541 816 1626 putavi
840 1547 938 1607 nocte
962 1541 1051 1606 Ditis
1074 1561 1231 1606 emersas

552 1652 626 1718 Has
647 1659 685 1718 tu
709 1655 836 1740 priores
860 1655 983 1738 frigore
1008 1655 1153 1720 etfama
1178 1653 1285 1719 siccus

550 1766 595 1831 Et
617 1788 687 1833 non
710 1769 837 1833 recenti
860 1767 1008 1854 pallidus
1031 1768 1140 1852 magis
1163 1767 1255 1832 buxo

548 1881 626 1945 Irus
648 1886 787 1946 tuorum
810 1887 1005 1968 temporum
1028 1880 1233 1968 sequebaris

549 1994 698 2079 Migrare
723 1994 853 2062 clivum
875 1996 1028 2060 crederes
1052 1995 1243 2059 Aricinum.

550 2106 629 2172 Ibat
652 2107 757 2194 tripes
779 2108 941 2192 grabatus
964 2115 997 2174 et
1020 2108 1116 2194 bipes
1138 2129 1265 2187 mensa,

553 2221 598 2285 Et
620 2241 701 2285 cum
722 2220 863 2286 lucerna
886 2243 1076 2307 corneoque
1101 2227 1228 2286 cratere
1255 2219 1278 2305 ¹)

552 2332 693 2398 Matella
716 2341 812 2400 curto
836 2342 937 2421 rupta
959 2335 1063 2400 latere
1088 2333 1254 2413 mciebat;

553 2445 643 2511 Foco
667 2447 791 2513 virenti
816 2448 952 2514 suberat
975 2448 1160 2534 amphorae
1184 2447 1320 2524 cervix;

552 2559 669 2625 Fuisse
693 2573 806 2645 gerres
832 2568 892 2626 aut
914 2561 1053 2627 inutiles
1075 2581 1214 2626 maenas

554 2671 647 2738 Odor
669 2674 864 2760 impudicus
887 2675 979 2741 urcei
1002 2674 1181 2754 fatebatur,
1317 2761 1321 2770 Ι

553 2785 700 2864 Qualem
720 2788 872 2853 marinae
897 2788 989 2852 misit
1013 2808 1096 2852 aura
1117 2786 1276 2873 piscinae.

553 2899 624 2964 Nec
649 2901 779 2986 quadra
801 2901 916 2966 deerat
938 2901 1026 2966 casei
1049 2900 1222 2980 Tolosatis

554 3012 743 3091 Quadrima
765 3014 856 3098 nigri
878 3036 941 3080 nec
966 3034 1090 3080 corona
1114 3013 1207 3099 pulei

555 3124 747 3212 Calvaeque
770 3135 873 3192 restes
895 3127 1029 3214 alioque
1052 3127 1220 3213 cepisque,

556 3238 627 3304 Nec
651 3238 753 3325 plena
775 3242 867 3328 turpi
891 3241 1009 3306 matris
1032 3240 1099 3305 olla
1122 3240 1242 3319 resina,

556 3351 841 3419 Summoenianae
867 3376 935 3441 qua
957 3355 1109 3440 pilantur
1132 3375 1264 3419 uxores

556 3465 648 3544 Quid
671 3468 805 3552 quaeris
827 3468 926 3534 aedes
948 3468 1133 3554 vilicosque
1156 3467 1296 3546 derides,

557 3577 722 3645 Habitare
742 3582 856 3665 gratis,
878 3603 897 3646 0
921 3583 1079 3662 Vacerra,
1104 3602 1183 3646 cum
1206 3579 1337 3666 possis?

558 3691 654 3757 Haec
677 3694 887 3759 sarcinarum
911 3716 1037 3781 pompa
1060 3694 1220 3761 convenit
1241 3691 1366 3780 ponti.''

382 3801 437 3867 Ad
475 3803 633 3870 ultimam
668 3813 852 3891 egestatem
886 3809 1052 3872 nimirum
1086 3809 1189 3873 etiam
1224 3804 1388 3872 referendi
1419 3798 1482 3864 sunl

338 3937 456 3982 versus
478 3917 535 3983 hi:
561 3918 586 4005 2)

350 4093 540 4103 ———-.

374 4216 391 4275 ¹)
417 4217 521 4266 Fortasse
538 4218 663 4284 legendum
681 4237 823 4285 „corneaque
841 4221 953 4270 laternu¹'.
972 4222 1008 4270 Os.
1025 4222 1111 4271 Friedl.
1129 4223 1199 4272 adh.
1217 4221 1233 4271 l.

373 4300 391 4360 2)
417 4301 453 4349 cf.
471 4303 542 4350 etiam
560 4303 622 4361 XIV,
641 4304 688 4360 81;
707 4305 759 4352 Iuv.
777 4305 819 4363 lX,
838 4305 885 4353 139
903 4321 966 4368 seqq.
