3040 5134
880 629 943 694 112

319 804 545 891 quantitatem
570 805 895 873 circumscriberent.
941 804 1034 885 Quid
1057 804 1150 892 quod
1173 803 1266 891 apud
1289 825 1348 868 nos
1358 822 1468 867 usurae

319 918 441 984 modus
464 919 552 985 ultro
575 921 805 986 terminatur?

361 1031 603 1100 Faeneratores
637 1032 820 1120 multiplici
854 1033 986 1099 invidia
1025 1033 1184 1117 flagrasse
1213 1052 1257 1096 ex
1279 1030 1377 1097 variis
1398 1027 1469 1093 locis

318 1145 415 1212 facile
439 1153 589 1233 apparet.
614 1147 806 1214 Nonnullos
829 1148 981 1213 afferam.
1005 1146 1089 1212 Cato
1111 1146 1148 1211 in
1164 1144 1342 1210 Prooemio
1356 1142 1378 1230 1)
1389 1141 1469 1207 illius

317 1257 396 1325 libri
419 1281 522 1347 quem
545 1261 677 1347 scripsit
700 1262 741 1327 de
765 1261 839 1346 agri
862 1261 995 1328 cultura
1018 1261 1083 1326 hoc
1108 1259 1210 1325 dicit:
1239 1258 1399 1338 „Maiores
1420 1275 1469 1318 no

318 1372 378 1437 stri
401 1373 447 1439 sic
471 1372 667 1440 habuerunt
687 1381 720 1440 et
742 1375 791 1440 ita
813 1375 850 1440 in
873 1374 1005 1460 legibus
1032 1373 1240 1460 posiverunt,
1266 1374 1375 1437 furem
1385 1366 1468 1454 dupli

318 1486 548 1569 condemnari,
573 1488 799 1554 feneratorem
830 1488 1023 1576 quadrupli.
1049 1493 1177 1575 quanto
1200 1486 1352 1572 peiorem
1373 1484 1469 1550 civem

320 1599 548 1666 existimarint
566 1602 793 1668 feneratorem
806 1623 910 1689 quam
931 1603 1052 1682 furem,
1075 1601 1156 1666 hino
1168 1600 1248 1666 licet
1260 1595 1467 1666 existimare.'’

320 1712 418 1778 Idem
440 1713 602 1781 Cicerone
625 1722 761 1782 auctore
785 1715 953 1782 faenerari
976 1736 1046 1780 non
1067 1714 1177 1800 magis
1188 1714 1319 1779 iustum
1331 1734 1395 1778 esse
1406 1731 1470 1776 cen·

319 1833 369 1894 set
391 1815 497 1914 quam
515 1829 694 1896 hominem
713 1830 875 1896 occidere.
890 1828 917 1916 ⁹)
941 1867 986 1879 -
1009 1829 1153 1894 Plautus
1165 1829 1391 1894 faeneratores
1400 1845 1469 1890 cum

317 1940 499 2008 lenonibus
522 1944 642 2009 eodem
663 1942 737 2009 loco
762 1949 795 2009 et
818 1964 962 2009 numero
974 1942 1087 2008 habet.
1102 1941 1128 2030 8)
1149 1979 1200 1991 ·-—
1223 1942 1341 2008 Cicero
1354 1938 1466 2007 scribit:

321 2056 584 2143 „Improbantur
607 2057 632 2121 ii
656 2064 824 2143 quaestus,
840 2057 899 2143 qui
911 2057 949 2121 in
962 2057 1039 2122 odia
1051 2057 1234 2121 hominurn
1246 2055 1469 2133 incurrantur

318 2170 531 2256 portitorum,
557 2175 595 2234 ut
617 2170 899 2236 faeneratorum.''
913 2171 939 2258 ⁴)
974 2170 1073 2236 Idem
1096 2170 1139 2235 ad
1151 2169 1307 2235 Atticum
1319 2191 1395 2235 cum
1404 2187 1468 2232 con·

318 2288 452 2370 temptu
488 2284 638 2370 quodam
666 2283 874 2352 vocabulum
895 2283 1089 2350 tocullionis
1112 2289 1264 2370 usurpat.
1274 2282 1297 2371 ⁵)
1322 2321 1365 2332 -
1386 2278 1467 2346 Colu-

319 2396 440 2463 mella:
468 2397 546 2478 „An
567 2397 751 2464 foeneratio
774 2397 982 2485 probabilior
1011 2397 1063 2480 sit,
1087 2397 1191 2463 etiam
1213 2396 1268 2462 his
1279 2397 1396 2477 invisa,
1408 2391 1467 2480 qui·

320 2509 385 2575 bus
404 2531 598 2576 succurrere
616 2511 752 2578 videtur
762 2512 798 2576 ?''
809 2511 835 2599 ⁶)
853 2550 896 2561 —
908 2509 1059 2578 Senecas
1070 2511 1199 2592 „Video
1212 2509 1286 2576 istic
1300 2510 1466 2597 diplomata

322 2628 356 2688 et
378 2623 591 2710 syngraphas
614 2631 647 2690 et
663 2625 847 2707 cautiones,
861 2646 970 2693 vacua
981 2624 1132 2691 habendi
1144 2623 1337 2705 simulacra,
1351 2621 1468 2688 umbra·

319 2736 424 2824 [aab]
458 2737 621 2804 avaritiae
647 2738 817 2825 quaedam
840 2737 1034 2820 laborantis,
1059 2760 1121 2825 per
1145 2759 1232 2825 quae
1257 2737 1402 2824 decipiat
1410 2730 1467 2799 ani·

319 2872 416 2916 mum
439 2851 597 2917 inanium
609 2853 768 2939 opinione
782 2853 999 2938 gaudentem.
1014 2853 1097 2940 quid
1109 2852 1203 2918 enim
1214 2852 1279 2917 ista
1291 2851 1389 2917 sunt?
1400 2843 1468 2934 quid

319 2965 417 3030 fenus
451 2972 484 3031 et
518 2965 752 3031 calendarium
783 2973 817 3032 et
852 2989 964 3048 usura,
1000 2967 1066 3031 uisi
1089 2967 1263 3032 humanae
1292 2958 1468 3052 cupiditatis

318 3085 415 3145 extra
438 3085 599 3144 naturam
623 3079 776 3166 quaesita
799 3081 968 3147 nomina?
1014 3080 1157 3146 Possum
1180 3080 1222 3145 de
1235 3101 1351 3145 rerum
1363 3083 1468 3142 natura

352 3271 369 3334 ¹)
387 3276 397 3334 l
415 3274 438 3322 l·

349 3356 368 3418 ²)
394 3357 444 3407 Cic.
471 3359 507 3406 De
532 3360 578 3407 Off.
606 3359 638 3416 11,
665 3361 705 3418 25,
732 3361 779 3410 89:
807 3361 854 3426 „ut
880 3377 934 3410 oum
960 3361 1010 3421 ille,
1037 3363 1079 3426 qui
1102 3363 1241 3427 quaesierat,
1259 3363 1370 3413 dixisset:
1387 3353 1468 3425 ‘Quid

315 3440 603 3500 faeneraril'‚tum
621 3444 694 3492 Cato:
714 3445 811 3510 ‘Quid
837 3445 1025 3504 hominem,
1052 3445 1140 3511 inquit,
1167 3445 1388 3497 ‘occideral’''

348 3523 368 3584 ³)
386 3525 465 3574 Plaut.
484 3526 552 3574 Cure.
570 3527 612 3585 IV,
631 3528 654 3585 2,
673 3527 704 3576 19
721 3545 801 3592 seqq:

383 3608 480 3671 „ilco
499 3609 704 3671 (TRAPEZITA).
721 3611 812 3675 Edepol
830 3612 925 3660 lenones
943 3629 994 3661 meo
1011 3613 1091 3662 auimo
1108 3615 1206 3673 nouisti,
1225 3614 1297 3674 lusce,
1323 3614 1404 3676 lepide.

382 3691 544 3741 CVRCVLIO
563 3693 610 3752 (ΡΑ
615 3693 764 3754 RASITVS).
783 3694 871 3743 Eodem
880 3695 957 3744 hercle
966 3712 1008 3744 uos
1023 3713 1083 3760 pono
1092 3701 1115 3744 ct
1124 3713 1192 3761 paro:
1203 3696 1329 3761 parissumi
1338 3696 1391 3745 estis
1400 3692 1467 3742 bibus.

385 3775 419 3822 Hi
437 3775 520 3824 saltem
537 3775 564 3824 in
581 3776 681 3825 occultis
699 3777 757 3824 locis
774 3780 887 3841 prostant,
906 3795 948 3826 uos
965 3779 991 3827 in
1008 3780 1059 3827 foro
1075 3780 1141 3843 ipso:

385 3858 432 3906 Vos
448 3860 548 3917 faenore,
566 3859 592 3908 hi
609 3860 671 3909 male
688 3861 805 3909 suadendo
822 3865 845 3909 et
862 3860 945 3911 lustris
962 3861 1066 3911 lacerant
1082 3863 1197 3913 homines.

382 3942 542 4005 Rogitationis
558 3943 681 4006 plurumas
699 3947 794 4008 propter
810 3960 852 3992 uos
869 3945 971 4008 populus
988 3946 1068 4004 sciuit,

382 4024 446 4089 Quas
472 4043 514 4074 uos
535 4029 625 4090 rogatas
638 4027 766 4091 rumpitis:
784 4027 889 4091 aliquam
907 4029 1014 4093 reperitis
1031 4031 1132 4079 rimam:

385 4107 459 4173 Quasi
476 4125 561 4173 aquam
578 4111 707 4159 sementem
723 4111 835 4174 frigidam
852 4111 951 4161 asscita
969 4129 1010 4161 uos
1027 4113 1115 4176 putatis
1130 4112 1217 4178 leges.''

348 4191 369 4252 ⁴)
387 4191 438 4240 Oia.
456 4193 491 4240 De
508 4192 554 4241 off.
572 4193 592 4250 1,
610 4194 651 4250 42,
669 4194 725 4242 150.

352 4266 374 4334 ἢ
388 4274 426 4323 Ad
444 4275 493 4324 Att.
510 4275 543 4333 ΙΙ,
562 4275 585 4334 1,
604 4276 651 4324 la:
670 4277 766 4340 „Neque
783 4280 806 4326 te
824 4277 847 4326 in
867 4277 1039 4327 tocullionibus
1055 4279 1193 4329 habebam.”

352 4359 371 4423 ⁶)
388 4358 481 4409 Colum.
499 4360 519 4419 Ι,
535 4361 609 4424 prael.
627 4360 649 4409 8.
