3084 5128
627 631 691 698 287

75 813 225 875 accurate
258 807 524 898 circumscriptis
548 809 673 878 linibus
695 810 864 877 contineri
888 811 1024 899 nequit.
1075 810 1254 878 Universa.

75 922 200 996 indicat
229 923 466 990 condicionem
490 924 593 1006 illius,
618 925 678 1012 qui
702 923 824 1013 opibus
848 923 966 992 aliisve
992 925 1092 991 rebus
1116 945 1242 1011 parum

75 1036 199 1103 floreat.
223 1036 419 1124 Oppouitur
433 1039 590 1125 locupleti,
600 1040 777 1126 patratore,
785 1039 963 1125 fortunato,
977 1047 1030 1105 etc.
1044 1037 1216 1125 Exempla
1233 1060 1240 1103 :

115 1149 184 1217 Cic.
209 1151 260 1216 De
282 1150 359 1218 Inv.
383 1151 411 1233 Ι,
435 1153 488 1234 25,
514 1153 578 1219 35:

163 1263 222 1343 ,In
257 1265 395 1331 fortuna
429 1267 614 1353 quaeritur,
638 1286 756 1333 servus
779 1265 823 1332 sit
845 1287 888 1331 an
915 1265 1011 1347 liber,
1036 1266 1196 1352 pecunio-

114 1399 239 1443 susan
263 1379 384 1459 tenuis,
408 1379 564 1466 privatus
586 1401 630 1444 an
653 1400 733 1445 cum
758 1381 959 1466 potestate.''

113 1490 167 1556 Id.
191 1491 289 1559 Verr.
313 1492 358 1572 II,
383 1493 436 1574 55,
460 1494 548 1559 138;

164 1604 456 1692 ,Locupletissimi
503 1607 668 1693 cuiusque
699 1626 842 1673 censum
878 1612 1117 1689 extenuarant,
1152 1614 1199 1673 tc-

115 1719 274 1785 nuissimi
295 1721 497 1786 auxerant.''

113 1832 245 1912 Quodsi
281 1835 383 1900 tecua
416 1840 450 1900 et
484 1855 573 1921 peu
606 1833 769 1919 leguntur
797 1833 887 1899 iuter
909 1854 944 1899 se
970 1833 1152 1901 coniuncta
1173 1833 1244 1901 hoc

72 1945 128 2012 illo
150 1947 316 2013 maiorem
340 1947 413 2012 vim
437 1946 553 2014 hahet.

114 2059 185 2126 Oic.
210 2059 282 2126 Cat.
306 2059 352 2139 II,
381 2061 412 2140 9,
436 2061 503 2127 20:

164 2173 252 2253 ,Qui
297 2173 402 2240 ctiam
440 2195 510 2240 non
553 2173 665 2242 nullos
710 2172 852 2259 agrestis
886 2172 1044 2267 homines
1079 2177 1198 2240 tenues

114 2291 218 2372 atque
248 2291 386 2371 egentes
409 2287 446 2352 in
469 2287 614 2354 eandem
638 2287 735 2375 illam
757 2307 855 2374 spem
881 2287 1081 2374 rapinarum
1106 2291 1196 2354 vete·

115 2421 195 2466 rum
218 2399 465 2489 impulerunt.''

116 2628 222 2694 Haud
258 2627 301 2694 ab
335 2649 371 2694 re
405 2626 583 2712 Landgraf
614 2633 731 2694 monet
760 2629 903 2712 petatio
935 2649 1055 2695 vocem
1078 2628 1244 2716 appellari

74 2763 169 2828 posse
204 2763 323 2808 vocem
360 2742 576 2822 rhetoricam,
600 2742 801 2828 paupertatis
822 2742 937 2828 potius
958 2740 1244 2829 philosophorum
1303 2725 1307 2733 ’

75 2878 142 2921 esse
166 2856 352 2943 propriam.
398 2856 470 2922 Nec
493 2855 631 2922 mirum.
676 2854 800 2920 Orator
822 2853 916 2920 enim
939 2853 1155 2939 gravioribus
1172 2876 1245 2922 ver·

76 2967 124 3034 bis
150 2969 201 3035 uti
225 2967 318 3047 solet,
344 2989 412 3055 quo
435 2968 568 3034 facilius
591 2969 723 3034 aditum
747 2968 783 3032 in
802 2967 936 3034 animos
959 2953 1156 3034 auditorum
1178 2967 1244 3034 sibi

75 3083 203 3169 pariat;
245 3081 413 3169 placidius
436 3089 555 3148 contra
579 3089 613 3148 et
636 3081 826 3168 simplicius
847 3081 873 3146 ii
896 3079 1096 3167 loquuntur,
1122 3081 1243 3168 quide

77 3195 293 3282 philosophia
338 3201 456 3280 agunt.
519 3195 698 3280 Landgraf
732 3200 849 3261 autem
885 3191 911 3281 ¹)
945 3195 1077 3282 primus
1112 3195 1245 3262 notavit

76 3310 275 3376 Ciceronem
308 3309 345 3375 in
383 3310 453 3376 suis
476 3308 688 3376 orationihus
712 3308 894 3390 adiectivo,
923 3308 1015 3396 quod
1038 3315 1089 3376 est
1107 3330 1241 3396 pauper,

77 3444 145 3489 non
169 3423 235 3489 nisi
258 3429 318 3504 ter,
342 3422 566 3504 substantive,
592 3422 684 3510 quod
709 3428 759 3488 est
779 3429 960 3509 paupertas,
985 3421 1089 3489 semel
1109 3428 1244 3489 tantum

8 3551 9 3562 ¹
77 3557 177 3602 usum
212 3557 293 3617 esse,
327 3559 416 3624 epeaa
450 3539 569 3603 contre
608 3535 720 3602 tricies
749 3535 883 3622 septies,
907 3543 1023 3622 epestas
1046 3535 1159 3602 tricies
1181 3534 1244 3601 bis.

77 3649 175 3728 Quod
207 3649 249 3716 ad
285 3649 486 3716 Sallustium
521 3650 652 3730 attinet,
685 3649 784 3716 cuius
820 3669 931 3715 sermo
967 3649 1077 3734 magis
1104 3648 1245 3715 rhetori·

78 3784 157 3828 cum
189 3763 339 3831 colorem
374 3763 509 3843 habeat,
550 3764 643 3830 hunc
667 3762 924 3830 substantivum
943 3769 1118 3846 paupertas
1141 3761 1246 3829 modo

79 3875 140 3957 bis,
185 3885 300 3964 pater
331 3883 451 3944 contra
489 3876 611 3955 decies,
645 3877 740 3961 ineps
774 3881 836 3956 ter,
871 3880 907 3941 at
925 3895 1049 3961 pauper
1071 3895 1245 3960 nusquam

80 3989 203 4058 habere
239 3990 346 4058 docet.
392 3991 574 4057 Praeterea
606 3990 747 4056 adnotat
789 3989 881 4075 apud
906 3988 1085 4054 Gaesarem
1109 4008 1244 4074 eosque,

81 4104 154 4190 qui¹
174 4105 248 4171 eius
281 4105 406 4192 scripta
440 4104 729 4184 continuaverint,
753 4123 865 4189 neque
886 4123 1010 4188 pauper
1032 4122 1144 4188 neque
1162 4123 1247 4186 paa-

83 4271 271 4284 1*-

115 4358 135 4419 1)
167 4357 195 4408 In
212 4358 268 4410 edit.
286 4357 352 4410 Orat.
369 4358 419 4411 Cic.
437 4373 478 4423 pre
495 4357 564 4407 Rosc.
581 4358 668 4414 Arnen,
685 4371 738 4422 pag.
758 4355 814 4409 177.
