3084 5128
619 581 684 648 225

65 759 155 821 trum
188 758 342 844 praemia
375 779 436 846 pro
468 759 692 846 suscipiendis
726 759 873 829 liberis.”
909 759 936 848 ¹)
980 759 1044 828 Illa
1077 762 1230 849 praemia

65 875 178 937 autem
201 871 419 939 donabantur
441 873 572 940 Romae
595 895 676 941 cum
699 879 778 953 tres,
803 875 839 940 in
852 874 953 941 Italia
965 895 1045 941 cum
1058 881 1231 962 quattuor,

66 983 99 1048 in
132 985 319 1070 provinciis
352 1007 432 1052 cnm
468 987 621 1075 quinque
645 986 744 1054 liberi
768 988 919 1069 aderant,
944 988 1035 1055 unde
1059 989 1158 1055 facile
1181 989 1234 1054 in·

66 1096 256 1184 tellegimus
294 1099 426 1166 Romae
460 1122 571 1166 mores
605 1101 706 1167 etiam
740 1101 849 1168 multo
880 1102 1106 1189 corruptiores
1129 1103 1231 1170 tuisse

66 1219 168 1296 qnam
202 1212 239 1278 in
274 1213 467 1300 provinciis.
491 1212 518 1301 ⁸)
564 1214 632 1294 Qui
668 1214 786 1281 multis
808 1213 923 1282 liberis
947 1216 1038 1283 aucti
1061 1222 1170 1298 erant,
1195 1217 1231 1282 in

66 1325 243 1410 congiariis
277 1347 424 1414 quoqne,
458 1327 610 1416 itemque
644 1328 681 1393 in
717 1327 901 1411 alimentis,
937 1329 1039 1396 tuisse
1063 1328 1234 1418 praelatos

69 1438 129 1504 viri
152 1439 244 1506 docti
267 1440 384 1528 aliqua
406 1441 478 1510 veri
501 1441 604 1508 simili
628 1442 757 1508 ratione
781 1442 964 1510 coniciunt.
988 1441 1016 1529 8)

109 1553 136 1619 b.
181 1553 431 1633 liberalitatem,
470 1577 535 1643 qna
571 1557 609 1622 tn
641 1577 744 1622 anam
777 1556 862 1622 diem
896 1557 944 1623 ael
978 1558 1017 1623 r‘n
1045 1565 1236 1646 perpetuam

65 1666 147 1750 plebi
169 1667 397 1749 concedebatur,
420 1675 458 1734 nt
478 1669 546 1735 eine
564 1670 668 1756 pretio
691 1670 729 1734 a’n
753 1669 873 1736 balneae
893 1670 1082 1737 lavarentur.
1130 1671 1236 1740 Velut

70 1779 252 1864 Augustus,
276 1802 356 1847 cum
379 1782 415 1847 in
437 1782 581 1864 Galatia,
607 1782 802 1864 Germania,
827 1783 996 1870 Hispania
1020 1785 1136 1850 omnia
1156 1808 1234 1851 con·

69 1894 236 1975 stituisset,
274 1915 364 1961 anno
397 1917 426 1961 a.
450 1918 484 1961 u.
508 1917 536 1962 c.
561 1896 625 1962 741
650 1898 693 1981 (a.
719 1895 798 1963 Chr.
823 1918 857 1962 n.
883 1897 938 1983 13)
964 1908 1019 1986 rar-,t
1042 1897 1068 1960 δ’
1094 1902 1236 1982 ὑστεραίᾳ

70 2007 96 2066 ’έν
128 2031 162 2070 τε
197 2018 240 2090 τῷ
274 2017 413 2089 aalma
446 2010 498 2072 riv
532 2013 625 2088 δῆμον
660 2013 832 2092 ἠσπάσατο,
868 2013 916 2074 καὶ
938 2010 967 2082 ἐς
989 2010 1024 2072 τὸ
1049 2015 1236 2074 Καπετώλιον

14 2149 16 2158 =
71 2121 200 2184 ἀνελθὼν
235 2129 289 2196 τήν
323 2143 357 2184 τε
392 2126 500 2206 δάφνην
533 2123 593 2185 ἀπὸ
615 2133 674 2186 τῶν
697 2122 829 2202 ρ’άβὸων
851 2132 975 2202 περιεῖλε
998 2127 1047 2188 καὶ
1070 2124 1099 2196 ἐς
1121 2125 1161 2186 τὰ
1184 2136 1237 2188 τοῦ

72 2235 138 2308 Διὸς
170 2241 288 2316 γόνατα
322 2239 482 2314 κατέθετο,
517 2246 560 2317 τῷ
596 2260 630 2299 τε
665 2239 750 2317 δήμῳ
784 2250 890 2316 προῖκα
924 2242 963 2300 τά
997 2261 1031 2300 τε
1055 2240 1163 2316 λουτρὰ
1187 2242 1235 2302 καὶ

71 2348 134 2422 τοὺς
166 2352 286 2429 κουρέας
318 2352 372 2423 τὶν
394 2352 505 2428 ἡμέραν
533 2350 639 2425 ἐκείνην
665 2351 834 2436 παρέσχε.”
860 2352 887 2439 4)
932 2350 1129 2418 Antoninus
1152 2353 1235 2419 Pius

72 2468 181 2530 autem
223 2463 415 2546 ,balneum
451 2486 519 2551 quc
554 2485 635 2531 usus
669 2465 795 2546 fuisset,
831 2466 904 2532 sine
928 2466 1083 2533 mercede
1107 2466 1234 2553 populo

72 2577 308 2665 exhibuilsse)”
344 2578 460 2645 fertur.
499 2581 522 2664 Β)
568 2578 757 2665 Municipia
793 2579 923 2646 Romae
959 2601 1029 2646 non
1057 2579 1233 2661 cedebant,

73 2695 106 2754 ut
139 2692 264 2778 quibus
299 2713 379 2758 cum
412 2692 634 2779 imperatores
657 2692 683 2779 ⁶)
710 2699 785 2758 tum
809 2693 962 2779 ipsorum
985 2694 1185 2760 decuriones
1206 2693 1233 2780 7)

73 2823 312 2892 saepenumero
345 2804 484 2871 balneas
518 2805 748 2891 gratuitasque
783 2806 971 2874 lavationes
1003 2807 1133 2873 dedisse
1157 2828 1235 2874 con-

73 2923 140 2986 stet.
164 2920 190 3007 8)

74 3061 258 3074 Ἇ--ιι

104 3135 122 3198 ¹)
155 3140 240 3189 Isidor.
257 3140 338 3204 Origg.
357 3141 384 3199 V,
404 3141 442 3198 15,
461 3140 482 3188 1.

103 3220 121 3282 ²)
152 3225 188 3272 De
214 3225 265 3272 iure
293 3224 422 3272 liberorum
448 3225 510 3288 quod
535 3223 622 3272 dieitur
638 3224 793 3288 praemiisque
810 3227 904 3287 petrum
921 3224 950 3272 ot.
969 3224 1030 3272 inter
1046 3223 1106 3273 alios
1123 3224 1235 3273 Momms.

74 3301 121 3354 StR.
146 3307 234 3372 passim
257 3307 320 3368 (vide
336 3307 442 3356 indicem
461 3323 478 3355 s.
497 3323 520 3357 v.
538 3307 597 3356 Ehe·
616 3307 667 3355 und
683 3307 941 3370 Kinderpririlepten);
960 3307 1034 3372 Marq.
1053 3306 1164 3356 Privatl.²
1182 3323 1235 3372 pag.

75 3384 102 3435 n
118 3405 195 3454 seqq.;
215 3390 250 3439 Id.
269 3389 324 3439 StV.
341 3391 380 3446 ,11²
400 3406 451 3454 pag.
471 3390 526 3439 142.

102 3470 119 3532 ³)
152 3474 190 3522 cf.
209 3473 320 3522 Momms.
339 3475 406 3522 nam.
424 3473 489 3522 Trib.
507 3489 552 3537 png
578 3472 625 3521 143
643 3473 697 3522 adn.
714 3475 763 3531 46;
781 3473 887 3522 Hirsoht.
904 3474 929 3522 in
947 3473 1035 3523 Philol.
1053 3473 1132 3522 XXIX
1143 3473 1235 3536 (1870),

73 3565 118 3618 Peg.
136 3558 150 3606 8
168 3558 222 3607 adn.
242 3557 280 3616 11,
299 3557 340 3605 ubi
359 3556 401 3605 ille
418 3557 510 3621 colligit
523 3573 535 3605 e
548 3556 617 3606 Dion.
628 3556 692 3605 Cass.
702 3557 751 3614 LX,
761 3556 801 3615 25,
812 3557 825 3608 7
837 3556 900 3622 [lege
910 3577 915 3605 ι
927 3557 953 3622 6]
964 3557 1025 3606 inter
1035 3573 1081 3614 eos,
1091 3557 1132 3620 qui
1142 3573 1154 3605 a
1164 3556 1235 3606 Glan-

74 3634 107 3686 dio
122 3641 269 3704 congiarium
286 3641 425 3704 acciperent,
445 3656 519 3688 unum
536 3640 644 3705 pluresve
661 3640 733 3688 tuisse
750 3640 791 3704 qui
806 3640 843 3688 vel
853 3639 1002 3701 undeviginti
1011 3638 1099 3688 liberos
1108 3638 1234 3688 haherent!

102 3723 119 3783 ⁴)
152 3724 199 3772 Dio
217 3724 281 3772 Cass.
300 3723 361 3781 LIV,
381 3723 421 3783 25,
439 3726 463 3772 4.

106 3805 122 3866 ι)
155 3806 256 3871 Capitol.
274 3808 330 3856 Ant.
349 3807 407 3855 Pius
425 3807 448 3864 7,
467 3808 489 3856 6.

104 3889 121 3949 ⁸)
153 3890 322 3956 Inscriptiones
346 3891 375 3940 ad
397 3891 551 3956 imperatores
568 3891 710 3955 pertinentes
728 3891 781 3938 vide
798 3889 860 3954 apud
877 3889 1002 3952 Ruggiero,
1020 3888 1072 3936 Diz.
1089 3888 1163 3952 epigr.
1181 3905 1226 3938 av

77 3967 174 4022 tamn
191 3974 212 4036 (I
229 3990 282 4039 pag.
300 3974 365 4034 966).
401 3974 461 4022 Sunt
478 3973 504 4022 Ο.
526 3974 545 4022 Ι.
564 3974 591 4022 L.
609 3973 651 4030 IX,
672 3974 751 4032 7663,
771 3973 851 4030 57463
869 3972 911 4030 XI,
930 3973 994 4028 5565
1013 3970 1235 4030 nomentan,

79 4050 127 4106 107.
151 4055 241 4105 Omitto
258 4057 386 4105 Gruterum
404 4072 456 4121 pag.
477 4056 532 4115 178,
551 4057 574 4114 3,
593 4057 649 4120 quie
666 4057 705 4105 hic
723 4055 808 4106 titulus
826 4055 889 4103 idem
900 4058 935 4104 est
946 4058 1014 4118 atque
1023 4054 1051 4103 C.
1060 4054 1080 4103 I.
1090 4055 1116 4102 L.
1126 4055 1168 4113 XI,
1178 4055 1234 4104 556.

105 4153 124 4215 τ)
155 4154 181 4204 c.
199 4156 220 4204 1.
237 4157 264 4205 n.
282 4155 310 4212 v,
330 4155 378 4208 erc
398 4139 471 4204 aaa,
490 4155 648 4220 „pannones
665 4155 762 4214 corona,
781 4153 874 4214 intona,
891 4153 1029 4219 peregrinis,
1047 4153 1154 4203 tannen
1164 4153 1235 4218 gratis

77 4233 101 4284 de
116 4239 211 4300 pmunie
228 4237 324 4304 publica
342 4238 481 4288 dederunt.''
883 4263 886 4268 .

105 4317 125 4381 ο)
155 4321 239 4372 I'riedl.
265 4321 418 4386 Sittengesoh.
441 4321 513 4371 Rorns
530 4321 579 4370 nn
597 4337 648 4386 pag.
669 4321 733 4369 lte:
752 4319 836 4384 „Auoh
853 4320 879 4370 in
895 4321 941 4369 den
958 4320 1090 4371 Provinzen
1107 4321 1235 4372 erkannten
