3040 5134
851 606 916 672 168

232 801 233 804 ’
296 807 354 852 mo
377 790 518 853 tesseras
540 785 621 851 dare
644 788 851 872 quaternum
872 781 1059 850 mensum?
1078 779 1104 868 ¹)
1127 780 1269 848 Accedit
1294 782 1381 869 quod
1401 803 1445 847 ne·

298 898 366 964 scio
400 920 443 964 an
467 903 556 963 recte
581 897 774 964 Mommsen
798 901 925 962 statuat
948 903 1089 962 tesseras
1110 916 1181 962 non
1205 894 1315 961 solum
1338 895 1373 960 in
1393 895 1446 959 fru-

297 1009 565 1078 mentationibus
602 1010 704 1076 fuisse
739 1016 927 1096 usurpatae,
963 1007 1023 1075 sed
1056 1008 1160 1075 etiarn
1196 1015 1365 1095 quatenus
1393 1008 1447 1072 fru-

297 1130 454 1191 mentum
477 1123 610 1190 veniret
633 1122 759 1189 leviore
783 1122 913 1209 pretio..
928 1121 955 1208 9)
999 1121 1124 1209 Itaque
1148 1121 1241 1187 credi
1264 1120 1352 1203 licet,
1365 1127 1448 1209 prout
1507 1161 1508 1180 2

297 1237 426 1325 publici
460 1235 624 1302 frumenti
658 1235 757 1321 eopia
791 1241 887 1316 esset,
925 1236 962 1300 in
997 1235 1078 1322 ipsis
1107 1235 1239 1301 tesseris
1266 1234 1309 1301 ab
1333 1257 1381 1313 eo,
1401 1234 1447 1321 qui

297 1350 351 1416 his
373 1349 474 1416 rebus
496 1354 659 1435 praeerat,
684 1347 785 1414 fuisse
808 1347 1001 1414 indicatum
1025 1355 1197 1434 quantum
1219 1348 1447 1434 frumentique

297 1463 406 1551 pretio
427 1461 632 1529 venumdari
654 1460 812 1549 placeret.
837 1459 863 1548 8)

363 1625 393 1690 d.
438 1624 575 1703 Quanta
598 1624 663 1690 fuit
685 1623 814 1690 utilitas
838 1645 944 1712 quarn
967 1623 1063 1711 plebs
1087 1623 1228 1706 urbana,
1253 1645 1411 1711 pauperes

430 1746 639 1834 praesertim,
660 1745 894 1834 percipiebant
916 1767 997 1811 cum
1020 1768 1064 1812 ex
1079 1767 1237 1814 annonae
1250 1767 1333 1812 cura

641 1875 717 1934 tum
739 1889 758 1934 e
782 1867 1133 1934 frumentationibus?

342 2031 443 2097 Hanc
479 2031 714 2118 quaestionem
747 2030 904 2117 praecedi
927 2035 1060 2117 oportet
1087 2029 1141 2095 his
1164 2028 1318 2096 duabus:
1342 2029 1377 2094 in
1396 2027 1449 2094 lar

297 2144 483 2231 gitionibus
528 2145 599 2210 istie
646 2150 816 2232 quantum
850 2144 1014 2209 frumenti
1057 2143 1181 2230 cuique
1218 2142 1449 2209 discribebatur

298 2258 487 2345 quantique
510 2255 713 2322 constabat?

342 2369 456 2454 Vulgo
479 2370 626 2435 sumitur
650 2370 773 2456 quinos
796 2369 928 2436 modios
951 2371 977 2455 4)
1001 2370 1037 2435 in
1061 2368 1213 2454 singulos
1237 2391 1369 2436 menses
1384 2367 1449 2436 viri·
1510 2367 1511 2392 l

297 2580 404 2637 tributas,
432 2595 509 2643 prave,
534 2580 625 2644 opinor,
651 2580 681 2629 ad
706 2579 764 2629 tales
789 2581 852 2629 locos
874 2597 902 2629 ex
919 2581 1022 2645 Digestis
1039 2585 1174 2646 provocant,
1192 2580 1234 2629 ubi
1252 2581 1341 2645 legitur
1357 2578 1450 2630 teaeraa

291 2661 480 2728 frumentariam
505 2678 586 2720 emere,
611 2679 755 2727 comparare,
773 2665 859 2726 legare.
898 2665 1019 2713 ‘l'eseeram
1036 2665 1101 2713 enirn
1118 2664 1207 2712 talibus
1224 2663 1283 2712 locis
1301 2665 1396 2728 positam
1411 2676 1450 2710 eree

297 2762 339 2809 pro
357 2745 448 2795 iureis
465 2749 566 2794 tesserae
582 2745 671 2795 ibidem
689 2746 766 2795 docui
1511 2791 1512 2798 .

332 2826 352 2889 l)
386 2829 449 2878 Suet.
472 2831 533 2892 Aug.
552 2830 592 2878 40.
627 2829 764 2878 Hirschfeld
781 2829 797 2878 l.
816 2829 833 2878 l.
851 2846 903 2894 pag.
923 2830 953 2878 le
972 2847 1018 2894 seq.
1033 2829 1127 2879 tesseris
1143 2830 1182 2879 hic
1200 2831 1262 2894 ipsas
1281 2830 1396 2895 portiones
1411 2828 1451 2876 sin·

296 2911 360 2975 gulis
384 2911 522 2962 distributas
548 2913 664 2976 designari
691 2913 822 2976 suspicatus
847 2917 890 2961 est.
925 2913 979 2977 Quo
1001 2915 1053 2962 iure
1071 2914 1131 2962 mihi
1148 2930 1196 2962 uon
1211 2913 1286 2978 magis
1302 2913 1377 2978 liquet
1392 2926 1450 2976 quau

297 2995 459 3059 Marquardtio
477 2995 502 3056 (l.
520 2993 537 3044 l.
555 3011 606 3059 pag.
627 2996 673 3044 125
691 2996 745 3044 adu.
764 2998 795 3057 ὅ).
829 2996 916 3045 'fotum
933 2997 996 3045 hunc
1013 2996 1117 3046 Suetonii
1135 2996 1213 3045 locum
1232 2997 1322 3046 mirum
1335 2995 1451 3045 inmodum

296 3077 397 3141 explicat
413 3077 544 3127 Radbertus
560 3076 577 3126 l.
596 3077 612 3125 l.
630 3094 682 3142 pag.
701 3078 757 3126 390.

330 3159 350 3222 ²)
384 3159 421 3209 Of.
447 3176 500 3224 pag.
529 3160 576 3212 137
602 3160 656 3209 adn.
683 3163 707 3217 4,
734 3160 775 3209 abi
800 3161 869 3210 docui
896 3162 1029 3211 Mommsen
1055 3163 1168 3227 suspicari
1189 3162 1231 3211 lms
1248 3162 1377 3228 appellatus
1392 3160 1452 3209 fuisse

297 3243 448 3302 nummariae,
477 3243 566 3306 priores
578 3244 762 3308 frumentarias.
797 3244 890 3294 Ibidem
907 3246 962 3293 vide
978 3254 1131 3310 utrarumque
1148 3247 1331 3294 controversiam
1347 3249 1369 3294 et
1385 3241 1452 3307 opini-

297 3343 365 3375 onem
383 3342 454 3390 quam
471 3342 548 3390 nuper
564 3326 593 3374 de
610 3331 748 3376 tesserarum
766 3329 834 3376 etde
851 3328 1062 3378 frumentationum
1081 3329 1171 3378 ratione
1188 3328 1289 3393 protulit
1315 3330 1452 3377 merovaei.

331 3409 351 3472 3)
384 3408 489 3457 Alteram
520 3409 701 3458 controversiam
731 3412 824 3468 omitto,
850 3427 922 3475 quam
948 3411 1003 3460 vide
1028 3412 1091 3477 apud
1116 3411 1226 3461 Karlowa
1243 3411 1260 3461 l.
1279 3411 1312 3462 l.:
1344 3411 1413 3476 „Mar
1428 3407 1454 3454 ist

297 3491 396 3541 dariiber
422 3492 597 3541 verschiedener
625 3492 742 3557 Meinung
758 3510 869 3557 genesen,
887 3494 916 3543 ob
934 3495 973 3544 die
990 3499 1076 3544 tessera
1087 3495 1254 3559 frumentaria
1270 3511 1303 3543 aa
1316 3500 1412 3560 portasse
1422 3506 1453 3553 ge·

297 3575 371 3624 lautet
395 3574 462 3633 babo,
487 3574 532 3624 wie
549 3576 655 3624 Banasa
671 3576 727 3638 (Die
743 3577 845 3625 Lottcrie
862 3580 872 3638 §
890 3580 914 3635 4,
932 3577 993 3625 Note
1012 3579 1036 3638 1)
1053 3579 1102 3626 und
1119 3578 1171 3626 ihm
1188 3579 1347 3626 austimmcnd
1365 3579 1454 3626 lnrrzs

296 3659 503 3723 (Inbaberpapiare
528 3659 551 3708 S.
569 3660 611 3721 40)
629 3660 769 3725 bebaupten,
790 3661 846 3709 oder
863 3660 892 3708 ob
910 3661 951 3709 der
968 3661 1044 3709 Name
1061 3661 1101 3709 des
1118 3661 1273 3725 Empsangers
1292 3662 1340 3710 und
1357 3661 1396 3708 der
1410 3656 1453 3706 Tri·

296 3741 348 3799 bus,
365 3741 465 3791 welcber
482 3759 508 3791 er
523 3743 656 3806 angehdrte,
673 3744 714 3792 auf
730 3743 771 3792 der
794 3748 881 3792 tessera
893 3744 1060 3808 frumentaria
1077 3743 1209 3808 angegaben
1226 3760 1282 3802 war,
1293 3745 1337 3793 wie
1345 3744 1454 3792 Duriores

296 3825 395 3888 (Ztsohr.
422 3827 438 3875 f.
468 3827 531 3876 deut.
548 3827 576 3876 a.
595 3827 638 3876 Bd.
657 3826 684 3884 V,
702 3827 724 3875 S.
744 3827 785 3888 31)
803 3826 949 3875 namentlich
966 3841 1009 3875 aus
1026 3828 1090 3876 Pers.
1109 3832 1151 3876 set.
1169 3827 1197 3886 V,
1216 3844 1238 3876 v.
1258 3827 1289 3880 7³
1308 3844 1357 3892 sqq.
1376 3857 1453 3875 ......

296 3908 378 3972 glaubt
395 3908 521 3958 schliesseu
538 3926 567 3958 zu
585 3914 687 3959 miissen.
722 3910 810 3958 Unsere
827 3909 961 3974 bisberigen
979 3911 1146 3975 Darlegungen
1164 3911 1261 3960 macheu
1276 3908 1453 3960 eswahrschein·

296 3991 352 4049 lich,
370 3993 421 4041 dass
439 3993 477 4041 die
495 3997 582 4042 tessera
599 3992 633 4041 als
650 3994 689 4041 die
706 3994 747 4042 des
763 3993 883 4041 einzelnen
901 3993 928 4041 in
945 3993 991 4041 den
1008 3993 1089 4042 Listen
1105 3994 1283 4043 veraeichneten
1297 3991 1454 4058 Emplsngsbe·

299 4075 430 4138 rechtigten
447 4075 576 4139 irgendwie
593 4075 717 4124 lrenntlicb
734 4091 783 4124 war
801 4113 805 4124 .
825 4113 831 4126 .
850 4069 856 4125 ζ
876 4114 881 4124 .
901 4115 906 4124 .
925 4112 931 4124 .
950 4075 973 4124 .”

332 4159 352 4218 4)
386 4158 483 4222 Saepius
509 4174 551 4222 pro
576 4164 640 4207 certo
664 4159 793 4208 affirmatur
810 4160 927 4207 Romanos
943 4175 956 4206 e
973 4159 1047 4208 tritici
1065 4160 1207 4209 medionon
1224 4159 1273 4208 nisi
1290 4164 1381 4209 tantum
1397 4153 1454 4222 paul!

300 4241 396 4298 coxisse,
422 4244 537 4305 quantum
562 4241 613 4306 ipse
633 4242 751 4306 penderet.
769 4241 815 4303 (Cf.
836 4241 924 4306 Duruy,
943 4241 1006 4291 Hist.
1023 4242 1046 4291 d.
1065 4243 1132 4292 Rom.
1150 4243 1188 4291 III
1205 4257 1258 4306 pag.
1277 4244 1333 4295 755.
1352 4237 1454 4291 Humberl

297 4323 324 4374 in
343 4323 413 4380 ,Dice
439 4323 479 4372 des
504 4324 587 4388 Antiq.
614 4341 633 4375 s.
660 4341 683 4374 v.
705 4339 801 4374 annona
818 4323 932 4373 rationem
949 4325 1057 4389 sequitur
1072 4341 1144 4389 quam
1161 4325 1273 4375 subduxit
1290 4325 1382 4375 Dureau
1397 4317 1454 4372 dcl!
