3122 5130
680 598 722 662 25

109 775 291 842 vendendi
327 781 468 860 quaestu
503 781 536 840 et
568 776 663 842 lucro
697 798 767 842 esse
802 776 930 841 ductos
977 774 1126 839 Romam
1161 766 1282 833 urbem

111 888 312 975 emporium
337 885 361 974 1)
384 888 533 974 appellat
556 890 736 975 regionum
759 889 981 967 Latinarum3
1007 890 1199 972 opportuno
1209 881 1283 948 loco

112 1023 192 1068 eam
227 1002 329 1066 sitam
357 1002 457 1068 fuisse
494 1004 670 1069 contendit
693 1010 727 1069 et
749 1003 932 1090 respiciens
956 1000 1124 1066 rationem
1146 995 1285 1062 bellios

114 1115 161 1180 ad
194 1121 424 1181 mercaturam
449 1117 652 1194 faciendam,
678 1117 770 1204 quod
792 1118 906 1203 ipsum
929 1113 1024 1179 haud
1046 1133 1194 1199 parvum
1210 1132 1280 1176 mo-

120 1235 282 1294 mentum
305 1230 432 1310 feeerit,
457 1237 496 1295 ut
519 1237 635 1316 postea
658 1231 702 1296 ad
724 1237 857 1296 tantam
872 1233 1075 1316 potestatem
1092 1225 1225 1292 venerit
1261 1229 1282 1311 ).

117 1343 284 1408 Attamen
318 1343 417 1410 valde
442 1351 530 1410 erret
553 1345 581 1409 is
605 1345 665 1430 qui
688 1351 786 1432 putet
809 1343 901 1430 apud
924 1343 1099 1407 Romanos
1122 1361 1204 1404 arva
1228 1361 1284 1403 ne-

114 1456 229 1541 glecta
264 1457 375 1522 luisse.
410 1457 509 1523 Idem
537 1458 736 1548 Mommsen
760 1456 786 1545 ³)
809 1463 926 1522 monet
949 1456 1098 1521 Romam
1121 1453 1283 1518 mansisse

115 1569 240 1635 urbem
273 1571 458 1653 Latinam„
479 1578 513 1637 et
537 1573 601 1638 hoc
624 1572 725 1638 fuisse
749 1572 928 1658 proprium
951 1569 1153 1635 Latinorum
1177 1567 1284 1632 omni-

113 1705 246 1769 umque
268 1684 444 1766 Italorum,
460 1686 552 1772 quod
568 1686 702 1752 rusticis
714 1685 814 1752 rebus
826 1691 937 1751 essent
949 1682 1064 1749 dediti.
1100 1680 1284 1746 Notissima

112 1819 169 1862 res
192 1803 242 1861 est
265 1805 392 1883 quanto
415 1799 453 1864 in
476 1800 604 1865 honore
629 1800 721 1886 apud
744 1800 918 1864 Romanos
942 1794 1283 1880 fueritagricultura.

110 1911 203 1975 Earn
237 1933 280 1976 ex
306 1914 543 1979 vetustissimis
566 1913 732 1979 institutis
754 1913 873 1979 ceteris
897 1909 1094 1998 quaestibus
1117 1908 1283 1994 praefere-

109 2023 197 2088 bant
221 2024 256 2111 ¹).
303 2026 384 2091 ideo
408 2027 445 2091 in
469 2026 682 2092 ealaudibus
695 2027 869 2092 efferenda
880 2046 960 2091 cum
973 2024 1080 2110 poetis
1092 2021 1245 2106 Vergilio
1261 2021 1284 2107 ὅ)

111 2128 329 2216 Horatioque
350 2129 375 2216 6)
396 2137 569 2197 certarunt
591 2133 735 2197 rusticae
757 2132 803 2196 rei
834 2131 1021 2216 scriptores
1045 2129 1137 2209 Catu,
1163 2129 1283 2208 Varro,

112 2241 315 2324 Columella,
351 2245 483 2310 Plinius
518 2245 543 2330 ⁷)
579 2252 640 2311 etc.
687 2247 799 2310 Immo
835 2244 894 2309 diu
929 2265 999 2309 non
1022 2242 1088 2307 nisi
1111 2242 1175 2308 hoc
1198 2241 1285 2306 litte-

116 2407 312 2420 ————-

154 2495 171 2555 ¹)
189 2495 198 2543 l
224 2496 241 2545 l,
259 2513 310 2562 pag.
329 2498 367 2546 48.
387 2498 422 2546 cf.
440 2499 511 2547 etiam
530 2499 606 2562 Marq.
626 2497 738 2546 Privatl.²
755 2514 806 2562 pag,
825 2498 989 2562 402seq,qni
1000 2494 1285 2560 hecdicit:,‚hberanch

111 2578 159 2626 der
183 2579 249 2628 Lnnd
268 2581 315 2628 und
341 2581 468 2630 Seehandel
494 2582 542 2630 und
569 2582 607 2629 die
633 2582 678 2629 mit
695 2583 748 2629 dem
766 2581 876 2629 letzteren
895 2579 1045 2628 verbundene
1063 2578 1176 2628 Rhederei
1194 2577 1286 2625 soheint

112 2677 163 2708 von
181 2661 225 2709 den
243 2662 346 2711 Riimern
364 2663 389 2712 in
408 2664 455 2713 viel
473 2664 585 2712 hdherem
604 2664 680 2712 Gnade
699 2663 818 2712 betriehen
836 2663 931 2711 worden
948 2679 977 2711 an
995 2661 1053 2718 sein,
1071 2660 1106 2709 als
1124 2677 1179 2709 man
1196 2660 1234 2708 bei
1244 2661 1285 2708 der

117 2743 176 2792 sehr
201 2745 402 2794 unzureichenden
428 2745 624 2810 Ueberlielernng
649 2745 798 2810 gewiihnlich
824 2744 985 2794 anzunehmen
1010 2743 1104 2807 geneigt
1122 2743 1152 2791 ist
1170 2779 1176 2791 .
1196 2783 1200 2790 .
1220 2781 1225 2790 .
1246 2781 1250 2790 .
1270 2742 1284 2763 ''

152 2826 172 2884 ²)
182 2827 238 2875 Sine
247 2827 320 2876 dubio
329 2829 354 2876 in
364 2829 444 2878 animo
452 2829 474 2877 ei
484 2830 530 2878 fuit
539 2829 579 2877 hic
588 2829 653 2877 locus
662 2846 689 2877 ex
698 2829 750 2877 Liv.
761 2829 797 2890 (V,
809 2831 848 2887 54,
857 2831 895 2887 dl:
907 2828 976 2892 „Non
985 2827 1036 2875 aine
1044 2842 1113 2874 causa
1123 2827 1156 2874 dii
1166 2825 1284 2874 homines·

115 2925 165 2973 que
187 2910 251 2958 hunc
269 2910 323 2959 urbi
340 2913 471 2960 condendae
488 2912 567 2961 locum
584 2911 711 2976 elegerunt,
729 2911 897 2960 saluberrimos
914 2909 992 2966 colles,
1011 2910 1099 2958 humen
1116 2913 1284 2973 opportunum,

121 3008 172 3056 quo
192 3009 218 3040 cx
236 2995 414 3042 mediterraneis
431 2994 490 3043 loeis
506 2997 584 3059 fruges
601 2995 754 3051 devehantur,
773 3011 819 3058 qno
837 2993 952 3042 maritimi
971 2996 1113 3040 commeatus
1130 2992 1285 3055 accipiantur,

111 3089 180 3123 mare
197 3076 304 3124 vicinum
321 3077 351 3124 ad
368 3078 544 3126 commoditates
561 3094 603 3126 nec
619 3079 752 3142 expositum
769 3078 846 3126 nimia
863 3076 1041 3141 propinquitate
1058 3076 1087 3124 ad
1103 3074 1210 3139 pericula
1227 3073 1286 3122 clas·

113 3157 181 3206 sium
197 3163 354 3216 externarum,
373 3161 492 3223 regionem
509 3160 594 3209 ltaliae
612 3161 721 3209 inediam.
739 3161 768 3207 ad
786 3161 958 3209 incrementum
977 3158 1043 3207 urbia
1061 3162 1143 3207 natum
1162 3158 1230 3206 unice
1250 3156 1285 3205 lo·

114 3239 197 3288 cum.”
231 3242 263 3288 nt
279 3241 319 3289 hic
336 3241 401 3290 locus
418 3259 445 3290 ex
463 3242 513 3291 Cio.
531 3245 576 3303 (De
592 3244 626 3291 Re
644 3243 709 3307 publ.
729 3246 760 3301 ll,
780 3246 802 3301 5,
821 3244 850 3293 10
872 3265 876 3290 :
899 3241 1286 3308 „Quodnrbemperemnisamnis

114 3326 140 3370 et
168 3323 301 3388 aequabilis
326 3327 350 3372 et
375 3325 401 3372 in
417 3341 481 3373 mare
498 3324 545 3373 late
562 3326 684 3374 influentis
702 3326 781 3389 posuit
799 3325 934 3387 (Romulus)
951 3324 976 3372 in
995 3326 1054 3388 ripa,
1072 3341 1118 3389 quo
1135 3326 1213 3388 posset
1230 3323 1286 3372 urbs

113 3409 139 3454 ct
156 3405 261 3468 accipere
278 3422 305 3453 ex
323 3407 391 3464 mari,
409 3424 455 3470 quo
472 3411 555 3470 egeret,
573 3412 596 3456 et
613 3409 713 3466 reddere,
732 3425 778 3472 quo
794 3409 948 3457 redundaret:
967 3408 1093 3471 eodemque
1103 3411 1129 3454 ut
1142 3407 1240 3455 flumine
1250 3425 1286 3456 res

119 3488 150 3536 ad
168 3488 258 3536 victum
276 3487 414 3552 cultumque
431 3490 532 3538 maxime
549 3490 689 3538 necessarias
706 3507 754 3538 non
772 3489 849 3538 solum
867 3491 952 3551 mari†
969 3489 1108 3547 absorberet,
1119 3491 1237 3538 sedetiam
1248 3491 1285 3538 in·

114 3576 195 3618 vectas
219 3571 335 3634 acciperet
356 3588 383 3620 ex
401 3576 478 3620 terra:
497 3577 523 3620 ut
541 3573 601 3621 mihi
619 3573 666 3621 iam
684 3579 735 3621 tum
753 3573 871 3622 divinasse
888 3572 930 3622 ille
947 3574 1057 3621 videatur
1073 3573 1134 3621 hanc
1152 3572 1233 3622 urbem
1251 3590 1284 3622 se-

113 3655 169 3702 dem
194 3653 322 3716 aliqnando
344 3658 367 3702 et
380 3655 589 3704 domumisnrnmo
606 3672 655 3703 esse
672 3656 772 3720 imperio
790 3656 968 3720 praebiturum:
986 3672 1041 3705 nam
1058 3655 1119 3704 hane
1138 3671 1217 3704 rernm
1234 3660 1284 3704 tan-

113 3740 166 3784 tam
184 3735 314 3800 potentiam
331 3752 378 3784 non
396 3737 469 3785 senne
486 3737 580 3786 facilius
597 3737 644 3786 alia
660 3739 686 3786 in
705 3742 770 3802 parte
786 3739 869 3789 ltaliae
885 3740 961 3804 posita
978 3739 1035 3788 urbs
1051 3741 1129 3787 tenere
1146 3738 1285 3803 potuisset.’'

149 3817 170 3878 ³)
195 3817 212 3866 l.
231 3816 269 3870 l.¹
1127 3829 1129 3835 '

148 3900 166 3959 ⁴)
193 3899 243 3949 cie.
261 3901 298 3949 De
315 3901 362 3949 Off.
381 3901 400 3958 l,
419 3903 460 3959 42,
480 3902 544 3950 151:
569 3903 701 3966 „Omnium
719 3908 797 3951 autern
814 3920 901 3962 rerum,
919 3920 946 3952 ex
965 3902 1053 3966 quibua
1069 3902 1161 3965 aliquid
1178 3904 1285 3966 adquiri·

113 3986 163 4039 tur,
180 3982 243 4031 nihil
261 3986 294 4031 est
312 3984 362 4047 agri
379 3982 473 4032 cultura
490 3984 583 4043 melius,
599 3984 662 4033 nihil
679 3986 783 4043 uberius,
801 3985 865 4034 nihil
882 3983 984 4044 dulcius,
1001 3985 1064 4034 nihil
1082 3986 1178 4036 homine
1198 3985 1283 4052 [nihil]

114 4063 190 4112 libero
207 4065 329 4128 dignius.''

152 4146 171 4205 ὅ)
188 4147 272 4211 Georg.
290 4147 342 4196 Lib.
362 4149 386 4196 ll
404 4151 462 4198 extr.

152 4228 171 4286 ⁸)
195 4230 270 4294 Epod.
290 4231 313 4278 2.
936 4271 939 4278 .

154 4309 173 4372 ⁷)
197 4313 255 4360 Cato
280 4313 316 4361 De
337 4314 392 4378 Agri
412 4312 477 4371 cult,
497 4315 566 4376 praes.
586 4314 608 4372 2,
628 4315 658 4362 3:
677 4316 724 4379 „Et
741 4315 821 4363 virum
838 4315 927 4364 bonum
944 4327 1016 4380 quom
1033 4315 1159 4369 laudabant
1176 4318 1285 4379 (maiores
