3084 5128
869 543 933 612 212

310 722 445 792 videtur
479 746 550 792 esse
587 724 809 812 repudianda,
846 724 939 813 qued
973 723 1017 790 ad
1053 722 1336 790 frumentationes
1370 720 1462 791 virilis

311 844 446 905 tantum
481 860 591 920 sexus,
626 825 734 904 immo
768 838 832 904 viri
868 837 986 919 adulti,
1016 837 1141 924 quibus
1164 837 1368 923 suffragium
1394 837 1466 903 ferre

310 951 443 1033 licebat,
479 952 523 1017 ad
556 950 720 1018 alimenta
751 958 869 1018 contra
893 951 935 1017 ab
958 951 1057 1018 initio
1081 973 1162 1017 cum
1188 951 1320 1017 Rornae
1349 956 1419 1016 tum
1439 951 1466 1015 ir

312 1065 411 1131 Italia
444 1071 478 1132 et
512 1065 610 1152 pueri
644 1071 679 1131 et
712 1065 846 1152 puellae
866 1064 1147 1147 admittebantur,
1173 1063 1200 1152 ¹)
1225 1065 1285 1152 qui
1309 1070 1467 1151 praeterea

311 1179 414 1244 variis
434 1178 632 1245 nominibus
655 1185 752 1244 eraut
775 1180 893 1256 notati,
917 1186 957 1245 ut
980 1179 1077 1266 pueri
1102 1178 1304 1267 puellaeque
1330 1178 1466 1265 Ulpiani,

309 1291 443 1378 puellae
473 1291 725 1373 Faustinianae‚
751 1313 859 1359 novae
884 1293 1137 1375 Faustinianas,
1164 1291 1298 1379 puellae
1324 1299 1357 1359 et
1381 1292 1464 1379 pueri
1526 1275 1527 1278 ¹

311 1405 570 1472 Mammaeanae
594 1411 628 1471 et
650 1405 895 1472 Mammaeani.

354 1511 422 1577 Res
445 1510 660 1577 alimentaria
682 1511 810 1598 optime
833 1511 1024 1578 illustratur
1045 1510 1179 1578 duobus
1203 1512 1466 1579 maximisdocu·

311 1624 444 1706 mentis
480 1624 524 1690 ad
557 1646 643 1708 quae
677 1625 765 1691 mihi
795 1624 1011 1692 redeundum
1037 1627 1107 1692 fore
1132 1648 1235 1712 supra
1261 1626 1345 1691 dixi.
1390 1625 1465 1692 Sunt

309 1737 445 1805 tabulae
479 1738 649 1823 Ligurum
679 1737 919 1805 Baebanorum
942 1745 976 1806 et
998 1739 1217 1818 Veleiatium,
1245 1761 1333 1827 quae
1358 1739 1463 1824 legun·
1527 1729 1528 1734 ¹

309 1859 365 1918 tur
388 1852 424 1919 (l.
448 1853 475 1918 l.
500 1853 538 1917 L.
563 1851 625 1933 IX,
650 1851 736 1918 1455
760 1854 817 1938 (=
842 1853 984 1920 Henzen
1007 1854 1107 1935 6664)
1132 1860 1166 1919 61
1184 1854 1246 1932 XI,
1268 1855 1466 1939 11416161-

311 1988 389 2032 rum
412 1966 760 2051 Baebiauorumjerat
782 1966 916 2033 colonia
939 1967 965 2053 1)
990 1967 1215 2054 haudprccul
1233 1989 1254 2033 a
1270 1969 1464 2045 Benevento,

295 2056 331 2147 ‘a
354 2079 479 2168 quibus
503 2080 594 2146 dicta
617 2086 666 2146 est
689 2079 817 2159 tabula,
831 2102 928 2167 quae,
942 2081 1128 2148 admodum
1140 2081 1252 2148 lacera
1264 2081 1325 2148 illa
1337 2081 1465 2169 quidem

310 2215 349 2260 ac
385 2192 553 2275 mutilata,
583 2214 673 2260 anno
699 2195 785 2260 1831
809 2195 846 2260 in
869 2195 934 2260 ista
957 2196 1253 2282 regione—reperta
1275 2201 1348 2276 est;
1372 2195 1465 2261 altera
1528 2185 1529 2189 ¹

309 2328 390 2376 vero
426 2307 542 2374 tabula
579 2329 670 2373 anno
706 2308 791 2374 1747
823 2309 943 2375 effossa
966 2315 1016 2375 est
1038 2315 1177 2396 propter
1201 2309 1411 2375 Placentiam
1432 2328 1466 2374 ec

310 2421 394 2502 loco,
420 2420 480 2486 ubi
503 2421 678 2508 quondam
701 2421 821 2491 Veleia
843 2422 908 2488 fuit
931 2423 967 2489 in
993 2422 1105 2489 Gallia
1124 2423 1328 2510 Cispadana.
1371 2421 1464 2489 Disoi·

311 2557 388 2600 mus
422 2541 538 2600 autem
573 2557 616 2602 ex
640 2535 693 2602 his
716 2537 949 2602 monumentis
975 2536 1163 2603 Traianum
1188 2537 1384 2624 municipiis
1406 2534 1468 2600 istis
1529 2605 1530 2610 γ

310 2648 476 2736 quasdam
490 2650 653 2735 pecuniae
666 2671 817 2716 summas
830 2651 1040 2732 concessisse,
1050 2672 1093 2716 ex
1108 2672 1256 2738 quarum
1269 2651 1380 2716 usuris
1388 2654 1468 2717 certo
1529 2691 1530 2698 ,

309 2784 495 2850 puerorum
517 2763 780 2851 puellarumque
803 2764 946 2851 inopum
967 2785 1111 2830 numero
1125 2771 1301 2830 menstrua
1313 2764 1467 2830 darentur
1529 2839 1530 2846 ἵ

309 2877 481 2956 alimenta,
509 2877 657 2966 illaeque
683 2900 837 2944 summae
860 2884 900 2943 ut
922 2879 1088 2945 cautiores
1112 2884 1232 2959 essent,
1263 2879 1470 2944 statuissent

310 2992 579 3079 municipiorum
613 2992 713 3073 cives,
750 2993 810 3079 qui
845 2992 969 3059 fundos
1003 2991 1180 3074 haberent,
1208 2991 1289 3058 inde
1319 2989 1470 3079 pecunias

310 3107 461 3193 accipere
486 3104 604 3172 liceret
629 3107 693 3172 hac
715 3106 801 3192 lege,
827 3112 865 3172 ut
886 3105 928 3173 ob
942 3113 1116 3193 acceptam
1131 3106 1314 3193 pecuniam
1329 3107 1472 3192 ipsorum

308 3369 408 3434 ripariola
434 3371 460 3420 in
486 3369 653 3436 disputationis
679 3373 743 3431 11116.)
770 3373 839 3437 Quod
856 3373 957 3436 danique
974 3371 1108 3421 Mommsen
1133 3387 1160 3419 cx
1178 3370 1234 3433 Cap.
1258 3369 1289 3418 25
1307 3385 1401 3433 quoquc
1416 3367 1475 3415 affert

309 3453 379 3503 verba
406 3453 572 3518 ,locupletatas
597 3453 689 3504 tribus’'
716 3483 748 3492 -
773 3461 836 3505 totus
861 3456 928 3504 locus
953 3459 1004 3502 cst:
1032 3453 1101 3519 ,Nisi
1132 3469 1187 3502 varo
1206 3453 1290 3501 leviter
1307 3451 1392 3515 attingi
1409 3449 1475 3514 pluat

308 3537 459 3602 locupletatas
476 3538 552 3586 trihus
569 3539 698 3602 datumque
715 3539 860 3603 congiarium
878 3537 975 3603 populo,
994 3542 1016 3587 ct
1033 3538 1114 3586 datum
1132 3541 1216 3594 totam,
1235 3551 1290 3584 cum
1308 3534 1412 3584 donativi
1430 3546 1474 3596 par·

308 3625 356 3670 tem
378 3620 467 3670 milites
484 3621 649 3685 accepissant.”
668 3650 700 3660 -
717 3623 775 3687 Cap.
794 3623 825 3670 16
843 3623 939 3671 demum
957 3626 1037 3670 narrat
1052 3621 1169 3669 Traianus
1186 3621 1215 3668 116
1231 3618 1365 3668 infantibus
1382 3613 1474 3683 principi

309 3704 430 3753 ostentatis
447 3709 470 3753 ct
487 3703 516 3752 ab
533 3721 559 3753 co
577 3706 682 3770 receptis.
717 3707 767 3770 Ego
785 3706 857 3769 igitur
874 3705 936 3753 illud
953 3705 1112 3768 locupletatas
1130 3703 1204 3751 tribua
1220 3702 1309 3766 accipio
1329 3697 1475 3763 decangiario

310 3787 397 3854 populo
414 3789 548 3854 partribus
566 3790 659 3847 donato,
675 3794 701 3839 ut
720 3789 836 3838 Martialis
854 3789 882 3837 116
897 3788 1034 3836 Domitiano
1051 3787 1127 3850 (Vlll,
1147 3787 1185 3840 15,
1204 3787 1244 3838 a:
1264 3786 1312 3850 ,ut
1322 3786 1399 3834 ditant
1408 3782 1475 3831 Latias

308 3873 377 3921 tertia
402 3873 462 3922 dona
484 3872 575 3921 tribus'’
602 3900 632 3909 -
651 3878 673 3922 et
690 3872 843 3929 Claudianus,
861 3873 975 3936 Pancgyr.
993 3871 1021 3919 116
1039 3875 1102 3919 serto
1122 3886 1189 3918 cons.
1207 3869 1299 3917 Honor.
1317 3885 1353 3917 vs.
1371 3867 1403 3920 72
1419 3881 1475 3928 seq:

311 3956 413 4021 „Tecum
431 3955 551 4020 praelarga
571 3957 662 4006 vocavit
681 3957 795 4004 Ditandas
811 3956 841 4004 ad
858 3956 919 4004 dona
935 3953 1039 4004 tribus.'’

346 4041 362 4100 ¹)
396 4039 462 4087 Num
490 4056 514 4087 re
540 4055 593 4087 vera
618 4039 646 4087 ab
667 4039 737 4088 initio
755 4039 780 4087 in
798 4039 848 4103 ipsa
866 4038 923 4086 urbe
941 4039 1015 4086 Roma
1032 4037 1125 4102 puellae
1143 4052 1236 4100 quoquc
1254 4035 1370 4084 admissae
1387 4033 1475 4084 fuerint

309 4121 373 4170 illuri
390 4122 486 4186 quidem
503 4138 551 4170 non
568 4138 664 4187 prorsus
681 4125 778 4178 constat,
795 4125 876 4170 contra
894 4121 990 4170 chzcn
1008 4127 1086 4170 tamen
1105 4119 1115 4168 l
1145 4119 1163 4168 l.
1185 4135 1236 4182 pag.
1256 4119 1288 4166 24
1305 4123 1329 4167 ct
1347 4112 1475 4166 lesclrlclll

310 4206 335 4254 in
353 4205 441 4254 Philol.
460 4205 476 4253 l.
499 4204 585 4272 ἥρῳ.
606 4206 636 4253 10
654 4205 762 4270 probavit
778 4205 870 4269 Sauppe
887 4205 913 4253 in
932 4204 1021 4254 Philcl.
1040 4203 1105 4252 XXX
1123 4203 1215 4262 (1870),
1234 4218 1286 4266 pag.
1306 4201 1354 4251 134
1371 4216 1432 4264 seqq.

343 4288 363 4350 ⁸)
397 4281 1476 4351 01.116.ΧΙ1,37;88;41;Ρ116,Ν.1111111,105;116686,11616.111,111663.168.
