3122 5130
892 532 933 596 50

417 709 617 798 Praedaque
641 715 675 776 et
697 710 837 776 hostiles
860 709 984 774 luxum
1007 731 1141 776 suasere
1165 710 1313 796 rapinae,

415 822 494 888 Non
517 844 600 888 auro
624 823 763 889 tectisve
788 823 919 902 modus,
945 829 1148 909 mensasque
1172 823 1300 909 priores

414 935 606 1023 Aspernata
628 936 755 1017 lames3
779 936 899 1017 cultus,
927 942 1057 1020 gestare
1084 936 1222 1002 decoros

413 1048 484 1117 Vix
506 1049 659 1130 nuribus
681 1070 825 1136 rapuere
850 1071 982 1130 mares;
1010 1049 1161 1115 fecunda
1188 1051 1340 1116 virorum

414 1162 601 1249 Paupertas
624 1163 764 1248 sugitur,
787 1168 926 1250 totoque
951 1163 1138 1228 accersitur
1163 1163 1253 1244 orbe,

415 1277 491 1356 Quo
525 1298 609 1361 gens
633 1298 788 1363 quaeque
813 1276 910 1362 perit.
939 1277 1038 1342 Tunc
1062 1275 1182 1362 longos
1204 1277 1343 1362 iungere
1366 1278 1448 1342 fines

415 1389 597 1474 Agrorum,
623 1396 657 1455 et
681 1390 854 1476 quondam
879 1390 964 1455 duro
989 1389 1118 1455 sulcata
1140 1391 1276 1456 Camilli

414 1504 561 1570 Vomere
586 1508 619 1568 et
642 1503 801 1590 antiquos
824 1503 1007 1569 Curiorum
1030 1525 1128 1589 passa
1150 1503 1286 1589 ligones

412 1617 532 1701 Longa
554 1615 617 1682 sub
640 1617 766 1701 ignotis
788 1617 970 1682 extendere
994 1638 1074 1682 rura
1108 1617 1246 1683 colonis.

414 1731 494 1795 Non
516 1736 597 1796 erat·
610 1731 639 1795 is
661 1730 817 1816 populus,
843 1752 948 1817 quem
970 1752 1039 1816 pax
1063 1731 1251 1816 tranquilla
1274 1732 1413 1811 iuvaret,

414 1845 527 1922 Quem
550 1866 611 1909 sua
636 1843 774 1919 libertas
797 1844 936 1908 inmotis
959 1851 1112 1929 pasceret
1137 1845 1249 1910 armis.

413 1958 498 2023 Inde
522 1958 591 2024 irae
615 1957 739 2038 faciles,
764 1963 808 2022 et.
822 1957 914 2043 quod
935 1957 1092 2023 suasisset
1116 1965 1245 2042 egestas

414 2065 491 2138 Vile
515 2072 619 2152 nefas,
644 2091 878 2156 magnumque
903 2070 1005 2135 decus
1029 2071 1185 2157 ferroque
1209 2073 1403 2157 petendum,

414 2184 497 2249 Plus
519 2185 629 2270 patria
653 2184 799 2270 potuisse
823 2205 903 2264 sua,
929 2205 1156 2270 mensuraque
1180 2186 1263 2250 iuris

413 2297 476 2364 Vis
496 2304 586 2378 erat;
611 2297 692 2362 hinc
715 2297 807 2381 leges
830 2304 863 2362 et
885 2297 993 2382 plebis
1019 2299 1103 2362 scita
1122 2305 1272 2381 coactae,

415 2411 459 2475 Et
483 2433 563 2518 cum
586 2411 781 2476 consulibus
805 2410 980 2476 turbantes
1007 2411 1082 2476 iura
1110 2411 1249 2493 tribuni,

414 2524 507 2590 Hinc
531 2525 621 2610 rapti
643 2524 748 2590 fasces
771 2524 889 2610 pretio,
914 2531 1091 2611 sectorque
1117 2526 1242 2592 favoris

414 2639 491 2724 Ipse
515 2638 567 2704 sui
590 2638 737 2725 populus
759 2637 936 2724 letalisque
961 2637 1111 2704 ambitus
1135 2639 1220 2721 urbi,

414 2753 542 2817 Annua
565 2751 679 2817 venali
702 2751 1061 2824 referenscertamina
1086 2752 1236 2838 Camp03

414 2865 507 2931 Hinc
531 2887 634 2930 usura
661 2886 778 2945 vorari,
803 2865 1014 2951 avidumque
1027 2865 1064 2929 in
1088 2871 1244 2952 tempora
1267 2868 1394 2948 faenus,

414 2981 459 3044 Et
482 3000 644 3045 concussa
667 2977 759 3058 fides
784 2984 818 3042 et
840 2978 956 3042 multis
980 2978 1062 3044 utile
1087 2979 1248 3045 bellum.''
1276 2979 1301 3068 ¹)

370 3143 465 3220 Quae
505 3141 578 3206 dixi
622 3141 748 3226 partim
786 3141 890 3206 etiam
936 3141 1045 3225 magis
1079 3141 1196 3207 valent
1230 3143 1271 3208 de
1308 3144 1475 3210 Caesarum

325 3254 545 3342 temporibus.
592 3253 668 3319 Scio
704 3254 864 3340 equidem
897 3255 1017 3319 eadem
1052 3254 1112 3320 illa
1139 3262 1294 3343 tempora
1317 3297 1362 3306 -
1384 3259 1475 3344 poste·

324 3369 414 3434 riora
448 3367 582 3432 saecula
617 3367 848 3454 pessimosque
879 3368 1101 3454 imperatores
1139 3371 1271 3456 excipio
1306 3411 1351 3420 -
1374 3367 1476 3438 multis
1524 3440 1525 3447 ἵ

323 3481 521 3547 nominibus
543 3481 687 3566 imperio
711 3482 868 3546 Romano
892 3482 993 3547 fuisse
1012 3483 1249 3568 prosperrima.
1273 3483 1477 3573 Respublica

323 3595 426 3660 nimis
451 3595 510 3660 diu
534 3595 635 3659 undis
658 3600 692 3660 et
714 3595 971 3681 tempestatibus
993 3595 1117 3661 iactata
1140 3597 1319 3684 respiravit
1343 3600 1404 3665 sub
1420 3598 1477 3662 Au-

323 3715 431 3794 gusto,
457 3709 517 3794 qui
540 3708 726 3795 prudenter
749 3731 786 3774 ac
812 3709 984 3774 moderate
997 3709 1182 3796 imperium
1192 3711 1370 3780 tractabat.
1394 3709 1478 3778 Tibe·

322 3822 401 3904 rius,
440 3822 597 3909 quamvis
620 3843 691 3886 non
715 3843 822 3908 aeque
845 3821 908 3887 sibi
931 3823 1050 3908 populi
1073 3823 1349 3890 benevolentiam
1372 3825 1476 3892 adiun-

320 3942 423 4021 geret,
448 3943 564 4000 tamen
588 3958 608 4000 a
630 3935 747 4000 Tacito
771 3957 841 4000 non
863 3936 993 4020 integre
1017 3936 1186 4002 iudicatus
1209 3959 1278 4003 esse
1302 3931 1475 4018 videturfl)

354 4172 371 4233 ¹)
388 4173 474 4220 Lucan.
493 4171 573 4220 Phara.
592 4171 611 4228 l,
631 4171 678 4220 160
697 4188 751 4235 seqq
777 4171 829 4232 (ud.
848 4171 987 4231 Francken).

350 4255 369 4317 ἓ)
387 4256 424 4304 (ll.
443 4256 513 4304 Nisae
534 4256 560 4304 iu
578 4256 618 4304 Iw.
638 4271 659 4304 v.
678 4255 735 4302 M.’s
752 4255 846 4303 Haudla
864 4255 911 4314 Ill,
930 4255 963 4312 52,
982 4272 1033 4320 pag.
1053 4257 1106 4304 191.
