3084 5128
792 1779 911 1846 Gerus
935 1779 999 1846 III.

659 2009 708 2075 Do
729 2009 874 2076 clantio
895 2009 1126 2076 Romanorum.

320 2301 322 2306 ,
359 2260 410 2324 Ne
446 2261 687 2344 gravissimum
722 2259 837 2328 locum
869 2261 1078 2342 omittamus,
1102 2261 1172 2327 iam
1197 2260 1409 2349 aliquamdiu
1428 2257 1469 2323 iu·

314 2373 503 2438 sistendum
527 2374 590 2440 erit
616 2374 853 2440 Romanorum
877 2374 1064 2456 clientelae,
1092 2373 1116 2461 ¹)
1140 2375 1242 2441 ouius
1265 2375 1360 2461 origo
1383 2378 1416 2438 ut
1433 2369 1469 2436 ad
1530 2361 1531 2446 J

316 2486 555 2572 antiquissima
578 2487 726 2554 civitatis
752 2488 929 2572 Romanae
957 2495 1111 2575 tempora
1135 2495 1184 2554 est
1209 2487 1407 2566 revocanda,
1428 2484 1467 2548 ita
1530 2477 1531 2481 ’

317 2600 392 2686 ipse
427 2620 507 2665 cum
537 2600 694 2667 Romano
718 2591 857 2667 nomine
882 2608 953 2667 arte
977 2602 1160 2669 coniuncta
1183 2606 1244 2668 est.
1291 2601 1365 2668 Soio
1387 2595 1467 2684 equi·

314 2712 394 2778 dem
429 2713 519 2778 inter
556 2715 704 2800 priscam
735 2714 832 2780 illam
855 2714 1050 2781 clientelam
1074 2721 1108 2780 et
1131 2736 1259 2784 noram
1283 2714 1398 2781 aetatis
1417 2711 1469 2776 im-

313 2832 511 2913 peratorum
557 2828 732 2915 propriam
769 2828 980 2914 pernimium
1019 2829 1189 2916 interesse,
1225 2850 1338 2916 neque
1372 2824 1467 2892 ausim
1529 2815 1530 2900 J

313 2941 517 3007 contendere
545 2941 632 3008 hanc
656 2941 912 3009 continuatione
936 2942 1088 3041 quadam
1105 2964 1144 3008 ac
1158 2942 1389 3030 progressione
1401 2957 1468 3004 cum

313 3052 372 3119 illa
404 3054 594 3122 cohaerere.
656 3055 819 3121 Attamen
844 3055 1033 3143 'utriusque
1068 3055 1246 3123 clientelae
1281 3056 1366 3122 haec
1402 3055 1470 3120 sunt
1529 3041 1530 3046 ¹

312 3169 520 3248 communia,
559 3190 580 3233 o
613 3168 705 3254 quod
740 3175 774 3234 et
801 3174 939 3235 ¹veteres
973 3178 1007 3236 et
1041 3171 1123 3236 novi
1160 3169 1301 3236 clientes
1324 3173 1417 3235 erant
1436 3165 1467 3230 in

314 3279 425 3345 alieno
459 3281 669 3366 patrocinio:
706 3289 744 3346 ut
777 3280 827 3346 illi
862 3303 930 3347 non
967 3289 1065 3348 erant
1097 3283 1150 3348 sui
1174 3283 1266 3364 iuris,
1291 3283 1340 3348 ita
1362 3282 1398 3348 hi
1419 3278 1468 3345 vix

314 3394 499 3480 quicquam
535 3394 635 3460 soluti
670 3401 703 3460 et
737 3395 836 3461 liberi
871 3418 951 3482 prae
976 3418 1009 3462 se
1034 3396 1210 3476 ferebant;
1236 3396 1254 3461 b
1278 3395 1371 3483 quod
1391 3400 1468 3460 utro·
1528 3463 1529 3490 ,

314 3529 460 3596 rumque
485 3507 674 3604 rationibus
698 3509 800 3574 variis
824 3509 934 3574 modis
957 3508 1136 3575 consulere
1160 3505 1468 3597 solebantpatroni;
1528 3491 1529 3508 ¹

314 3644 330 3687 c
361 3621 452 3708 quod
488 3621 628 3688 clientes
651 3628 722 3687 tam
746 3622 875 3708 priores
899 3644 1004 3708 quom
1029 3623 1231 3708 posteriores
1256 3622 1403 3689 vicissim
1424 3639 1471 3706 po·

314 3735 420 3802 tronis
464 3757 604 3822 operam
638 3757 735 3802 suam
771 3742 940 3821 praestare
977 3735 1167 3816 debebant,
1213 3738 1236 3800 d
1270 3734 1363 3823 quod
1392 3735 1468 3798 iuter
1527 3801 1528 3808 χ

314 3855 474 3936 patronos
497 3854 531 3915 et
553 3848 693 3916 clientes
717 3849 852 3936 pietatis
875 3849 1051 3936 quoddam
1078 3849 1253 3916 vinculum
1272 3847 1467 3914 intercedere
1527 3867 1528 3890 ³

315 3984 383 4028 non
411 3961 522 4028 solum
546 3963 803 4049 antiquissimis,
827 3962 885 4028 sed
909 3963 1013 4028 etiam
1038 3962 1154 4048 aliqua
1177 3983 1220 4027 ex
1243 3967 1340 4048 parte
1365 3961 1468 4027 Caesa·

347 4240 367 4302 ¹)
402 4239 468 4290 Viros
494 4241 579 4300 doctor,
602 4241 643 4306 qui
661 4242 688 4290 de
706 4240 815 4290 clientela
832 4241 992 4289 Romanorum
1011 4241 1159 4305 scripserunt,
1178 4239 1231 4288 vide
1249 4240 1313 4304 apud
1333 4233 1467 4302 Pauly-llio·

313 4339 382 4384 sowa,
400 4323 565 4392 karl-Encycl.
583 4341 602 4373 r.
623 4342 644 4374 v.
662 4325 759 4375 simler
776 4324 830 4389 (nu
848 4341 899 4388 pag.
918 4327 950 4374 54
968 4327 1033 4390 seq).
