3040 5134
593 587 656 652 189

48 762 158 848 populo
192 762 340 830 dabatur
373 762 599 832 tricliniorum
636 764 759 852 viginti
792 764 942 847 milibus,
981 768 1005 853 ¹)
1042 769 1117 831 turn
1147 787 1205 832 ex·

47 876 250 944 struebantur
296 899 433 945 mensae
479 879 677 966 conquisitis
722 879 832 967 epulis
879 879 1046 967 vinisque,
1088 878 1204 967 qualia

47 997 129 1058 erant
142 1013 318 1073 murenae,
332 991 518 1058 Falernum
529 994 652 1061 vinum
664 1014 703 1059 ao
719 993 857 1060 Chium.
870 991 897 1078 ¹)
909 1031 953 1042 -
964 992 1068 1058 Anne
1080 1014 1110 1059 a.
1125 1014 1159 1060 u.
1172 1015 1200 1060 c.

46 1103 99 1168 715
141 1105 176 1190 (a
210 1105 289 1171 Chr.
326 1127 359 1171 n.
394 1108 450 1187 39)
492 1108 668 1190 Augustus
704 1107 856 1194 primum
891 1105 1034 1172 barbam
1070 1127 1201 1193 ponens

48 1215 137 1287 ηαὺτος
164 1237 199 1277 τε
218 1220 365 1294 μεγάλως
384 1217 513 1293 ἑὼρταπε
534 1219 583 1282 καὶ
603 1227 664 1289 τοῖς
684 1219 787 1288 ἄλλοις
808 1219 904 1279 ἅπασι
924 1219 1076 1295 δημοτελῆ
1097 1217 1200 1293 ἑορτὴν

46 1321 200 1404 παρέσχε.”
233 1323 259 1409 ⁸)
293 1362 336 1374 —
370 1324 526 1391 Tiberius
560 1345 650 1391 anno
678 1346 707 1391 a.
732 1345 765 1390 u.
791 1346 819 1391 c.
844 1323 908 1388 745
933 1324 976 1411 (ιι.
1001 1323 1081 1392 Chr.
1106 1346 1140 1389 n.
1164 1325 1198 1411 9)
1264 1397 1266 1401 ,

48 1439 110 1498 ,πῶν
137 1455 173 1494 τε
195 1436 368 1512 Δελματῶν
388 1437 436 1499 sat
456 1445 515 1496 τῶν
535 1438 699 1498 Παννονίων
719 1437 956 1508 ’νποιιινηο-ἁντων
975 1459 1004 1496 τι
1024 1435 1111 1506 abste,-
1133 1482 1139 1496 .
1163 1483 1169 1496 .
1194 1483 1200 1496 .

45 1540 195 1614 κρατήσας,
227 1542 268 1600 ’τά
300 1561 335 1600 τε
369 1538 415 1604 ἐπὶ
446 1547 499 1600 τοῦ
518 1541 644 1612 κέλητος
664 1538 784 1603 ἐπινίκια
805 1540 929 1620 ἔπεμψε,
955 1540 1076 1603 καὶτοῦ
1106 1541 1201 1618 δῆμον

45 1641 100 1712 τοὺς
124 1641 181 1719 μὲν
202 1641 231 1703 ἓν
251 1651 294 1722 τῷ
315 1645 494 1724 Καπιτωλίῳ
511 1645 579 1715 τοὺς
599 1645 626 1704 δ’
648 1645 760 1705 ἄλλοθι
781 1646 960 1726 πολλαχόθι
982 1642 1153 1706 ἔδείπνισε.”
1176 1649 1199 1722 4)

46 1748 131 1815 111110
160 1756 277 1815 autern
300 1773 333 1837 p.
358 1750 437 1816 Olrr.
462 1772 496 1816 n.
521 1752 560 1815 11
586 1750 678 1818 idern
703 1772 742 1830 ,a
765 1750 950 1816 Germania
972 1750 1009 1814 in
1032 1748 1200 1817 urbem..

45 1865 221 1946 regressus’'
245 1869 319 1930 acto
340 1864 524 1950 triumph0,
538 1887 641 1950 quem
653 1864 838 1945 distulerat,
856 1862 1060 1950 ,prandium
1073 1862 1198 1930 dehinc

46 1976 155 2062 populo
189 1976 283 2042 mille
307 1977 443 2058 mensis,
467 1984 501 2044 et
524 1978 737 2063 congiarium
761 1985 913 2044 trecenos
936 1997 1097 2042 nummos
1120 1977 1199 2044 viri-

46 2088 96 2152 tim
117 2089 241 2156 dedit.’'
268 2091 291 2172 ¹)
314 2129 358 2140 -
381 2089 536 2176 Caligula
559 2113 639 2157 cum
663 2094 819 2176 Augusto
834 2089 1197 2177 templumdedicarst,

47 2201 83 2266 roi
96 2223 127 2261 τε
146 2201 355 2278 εὐγενέστατοι
365 2203 479 2278 παῖδες,
488 2201 549 2263 ὅσοι
559 2225 598 2280 γε
608 2204 657 2267 καὶ
667 2203 848 2283 ἀμφιθαλεῖς
855 2191 942 2288 ἦσαν,
952 2200 1033 2279 μετὰ
1042 2202 1199 2278 παρθένων

44 2304 130 2379 ὁμοίων
159 2305 213 2367 τὸν
246 2305 336 2383 ὕμνον
363 2295 450 2395 ᾖσαν,
472 2308 521 2371 ιοαὶ
539 2311 557 2376 ὴ
575 2307 672 2382 ’βουλὴ
692 2307 744 2368 σὺν
765 2317 830 2377 ταῖς
851 2316 1001 2383 γαμεταῖς
1021 2327 1109 2385 σφων
1130 2303 1146 2365 ‘o'
1166 2327 1201 2366 τε

44 2408 123 2484 δῆμος
142 2413 292 2486 εἰπτιόιὲαι,
315 2411 383 2472 θέαι
403 2433 437 2473 τε
458 2414 648 2474 παντοδαπαὶ
665 2410 829 2489 ἔγένοντο.”
852 2415 875 2487 ⁶)
901 2451 945 2462 -
969 2412 1200 2495 DomitianUS,

46 2516 94 2598 qui
122 2517 232 2583 omnis
254 2518 388 2602 generis
407 2518 529 2585 edebat
551 2517 659 2600 ludos,
684 2518 710 2606 7)
734 2519 838 2585 etiam
861 2518 898 2584 in
920 2517 1101 2603 largitione
1125 2524 1202 2584 erat

45 2627 176 2695 effusior.
222 2630 444 2716 Singulorum
480 2653 561 2699 vero
583 2631 828 2698 liberalitatum
851 2637 987 2719 tempus
1006 2652 1076 2697 nen
1099 2631 1197 2698 facile

46 2739 200 2810 definitur.
248 2744 290 2809 In
325 2745 526 2812 universum
559 2745 761 2812 Suetonius:
801 2745 1043 2831 ,Congiarium
1071 2743 1198 2832 popule

46 2874 254 2923 nummorum
289 2864 503 2925 trecenorum
539 2866 590 2925 ter
623 2859 726 2942 dedit,
763 2864 865 2946 atque
892 2859 982 2924 inter
1005 2857 1198 2944 spectacula

47 2971 183 3037 muneris
216 2970 448 3056 largissimum
483 2972 656 3059 epulum.''
693 2974 719 3060 8)
771 2974 815 3039 Et
851 2972 986 3039 Cassius
1008 2971 1094 3037 Dio:
1122 2983 1201 3042 oreis

47 3096 73 3133 τε
93 3079 246 3155 θεωμένοις
269 3080 366 3162 συχνὰ
391 3080 436 3140 διὰ
460 3089 519 3141 τῶν
534 3087 676 3162 -σφοιιμίων
698 3080 799 3159 ἐδίδου,
825 3086 874 3144 καί
896 3080 1033 3142 ποτεναὶ
1045 3077 1201 3140 ἐδείπνισεν

47 3179 136 3252 αὖτοὺς
158 3184 237 3245 κατὰ
261 3187 360 3266 χώραν
384 3187 580 3266 καθημένους,
601 3181 671 3247 οἶνόν
684 3186 718 3247 τέ
731 3209 811 3268 σφισι
825 3192 971 3273 πολλαχῇ
985 3185 1086 3263 ῥέοντα
1099 3181 1203 3253 νυκτὸς

78 3359 92 3418 Ι)
123 3360 178 3409 Plut
194 3361 211 3410 l.
229 3361 247 3410 1.

74 3442 91 3500 ²)
121 3442 182 3492 Pliu.
199 3445 231 3494 N.
249 3446 281 3493 H.
300 3446 368 3504 VIII,
385 3448 424 3504 55,
443 3447 507 3506 171;
526 3448 594 3506 XIII,
613 3448 652 3504 15,
667 3449 706 3501 97.
724 3447 806 3509 (Hune
814 3447 895 3497 locum
903 3447 1015 3511 exscripsi
1024 3461 1076 3511 pag.
1087 3443 1134 3497 17⁶
1144 3445 1201 3508 seq.)

75 3524 93 3585 ³)
122 3527 166 3575 Die
183 3527 246 3576 Cass.
265 3529 373 3587 XLVIII,
392 3532 431 3590 34,
450 3532 473 3580 3.
508 3531 633 3580 cleliam
650 3548 702 3596 pag.
723 3531 771 3584 187
789 3531 844 3581 adn.
861 3534 885 3580 4.
968 3529 974 3537 “

76 3607 93 3667 1)
122 3609 167 3657 Dio
184 3611 247 3660 Cass.
266 3612 314 3668 LV,
333 3613 356 3670 2,
374 3615 398 3663 4.

78 3691 93 3750 ⁵)
123 3693 183 3743 Suet.
207 3695 260 3746 rib.
287 3696 327 3745 20.
346 3725 377 3733 -
412 3697 448 3746 Ne
474 3698 500 3746 in
526 3698 683 3762 disiungeude
699 3715 774 3747 essem
796 3696 915 3754 subtilior,
932 3697 974 3745 has
991 3709 1083 3759 quoque
1100 3692 1202 3756 Augusti

51 3772 171 3840 'liboriique
195 3777 346 3828 liberalitates
371 3780 411 3828 bio
426 3781 511 3830 referre
529 3798 576 3829 non
593 3781 708 3840 dubitavi,
726 3797 878 3846 quamquam,
894 3795 949 3827 cum
965 3778 1022 3826 istas
1039 3775 1120 3840 epulas
1138 3775 1201 3823 exhi·

53 3854 132 3915 lebant,
149 3865 228 3910 nautas
244 3862 293 3910 iam
310 3863 471 3928 principatum
488 3863 588 3913 tenebat.

78 3940 95 3994 ⁶)
125 3941 169 3988 Ilio
194 3942 256 3992 Cass.
283 3945 345 4002 LIII,
373 3945 395 4002 7,
424 3946 446 3994 1.
482 3946 518 3994 Ab
545 3947 625 3995 eodem
651 3948 680 3996 ad
705 3947 817 3996 honorem
835 3945 957 3995 Drusillae
974 3949 1079 3994 mortuae
1102 3943 1167 4006 „scal
1189 3939 1202 3998 ὁ

53 4025 133 4102 δῆμος
153 4033 295 4104 εἰστιὰθη,
317 4044 378 4104 τοῖς
397 4056 432 4095 τε
452 4035 627 4108 βουλευταῖς
648 4046 713 4106 ταῖς
734 4057 768 4096 τε
788 4036 917 4116 γυναιξὶν
930 4034 1025 4096 αὐτῶν
1040 4032 1202 4110 δωμεάἒδό-

53 4126 113 4193 1ηῇ
146 4128 324 4194 (listulas.)

81 4219 99 4282 ²)
129 4222 165 4271 cl.
181 4223 241 4273 Suet.
259 4223 330 4274 Dcm.
347 4227 372 4275 4.

80 4303 98 4364 Ε)
128 4305 188 4355 Suet.
204 4305 220 4357 l.
238 4308 255 4358 l.
273 4308 363 4374 „Ilpuli
381 4308 446 4358 diss”
464 4308 535 4359 etiam
552 4311 750 4358 commemoratur
766 4308 823 4373 Cap.
844 4308 884 4358 13.
