3122 5130
880 631 922 695 58

313 807 545 892 permanserit.
572 806 597 894 ¹)
631 808 726 875 Licet
760 815 876 874 autem
910 809 1135 895 pecuniarum
1163 813 1364 894 potestatem
1390 807 1481 894 apud

314 920 488 987 Romanos
511 943 531 986 a
553 930 668 988 nostra
691 923 851 1003 differret,
876 929 909 988 et
930 923 990 988 vix
1008 943 1164 1008 unquam
1176 923 1250 987 fieri
1264 944 1358 1008 posse
1371 922 1484 988 videa·

314 1041 379 1113 tur,
416 1042 454 1099 ut
487 1035 524 1099 in
558 1037 785 1102 contentionis
808 1036 975 1101 iudicium
1000 1042 1174 1116 vocentur,
1202 1034 1229 1123 ε’)
1253 1044 1368 1102 tamen
1399 1035 1482 1099 illud

315 1149 464 1234 pretium
487 1155 526 1213 ut
548 1150 759 1236 temporibus
782 1150 849 1215 illis
873 1150 1047 1215 modicum
1063 1150 1340 1215 'existimandum
1353 1171 1426 1214 esse
1440 1148 1482 1214 vi·

315 1261 423 1326 detur.
448 1261 503 1326 Ab
517 1260 766 1349 ¹antiquissimis
778 1265 871 1329 enim
883 1263 1095 1350 temporibus
1108 1263 1325 1347 magistratus
1336 1261 1482 1328 Romani

315 1375 410 1439 omni
427 1397 489 1460 ope
514 1381 616 1462 atque
639 1398 741 1464 opera
765 1377 990 1457 enitebantur,
1016 1384 1054 1442 nt
1077 1399 1252 1442 annonam
1274 1376 1439 1442 levarent.
1458 1372 1479 1458 8)

360 1487 414 1552 Ex
443 1489 619 1577 communi
650 1511 743 1556 more
767 1490 952 1556 verborum
974 1491 1012 1555 in
1036 1489 1266 1576 superioribus
1284 1491 1481 1576 frumentum

315 1601 409 1666 idem
437 1601 529 1668 valet
552 1623 590 1668 ac
616 1605 767 1669 triticum.
793 1604 818 1690 ⁴)
865 1605 1001 1670 Ceteras
1024 1603 1189 1669 frumenti
1213 1603 1341 1689 species
1363 1608 1403 1667 ut
1426 1601 1480 1666 mi·

315 1714 408 1780 noris
431 1717 597 1781 momenti
621 1717 865 1802 praetermitto.
891 1718 918 1804 ὁ)

361 1828 455 1894 Inter
501 1829 738 1896 Romanorum
769 1830 932 1896 alimenta
964 1838 1138 1918 praeterea
1182 1827 1479 1896 commemoranda

316 1942 477 2009 videntur
500 1944 611 2009 carnis
635 1945 729 2010 varia
753 1967 887 2029 genera,
913 1953 952 2010 ut
964 1944 1063 2010 suilla
1075 1943 1204 2009 bubula
1217 1943 1321 2010 ovilla
1333 1939 1477 2031 (agnina)

316 2058 465 2144 caprina,
491 2065 566 2122 tum
588 2057 764 2142 legumina
784 2059 875 2124 olera
898 2080 1009 2146 poma,
1036 2055 1061 2144 ὅ)
1085 2057 1313 2123 condimenta.
1327 2055 1364 2143 l)

323 2243 514 2251 -——

317 2359 436 2406 Ciceronis
461 2359 606 2422 temporibus
624 2359 661 2407 III
680 2360 726 2407 HS.
745 2361 876 2408 constitisse
893 2361 956 2408 dicit.
976 2360 1037 2408 Cum
1055 2363 1132 2407 autern
1150 2358 1251 2422 singulis
1269 2359 1390 2406 mensibus
1407 2353 1477 2419 quinis

316 2441 402 2490 modiis
419 2442 531 2490 frumenti
549 2441 638 2505 singuli
655 2442 762 2490 homines
780 2443 870 2506 eguisse
887 2447 998 2506 putentur
1015 2443 1099 2505 (Marq.
1118 2441 1134 2490 l.
1153 2441 1161 2488 l
1188 2446 1210 2490 et
1227 2457 1279 2504 pag.
1299 2441 1361 2497 111;
1380 2437 1478 2488 cietiarn

317 2540 375 2588 qnae
393 2525 442 2587 ipse
459 2525 563 2572 dicturus
582 2541 634 2572 surn
653 2525 677 2572 in
695 2526 761 2573 Libri
780 2526 804 2573 ΙΙ
823 2526 904 2589 Capite
921 2527 949 2573 de
967 2525 1029 2573 Cura
1045 2541 1151 2572 annonae
1168 2524 1227 2572 etde
1240 2520 1478 2575 Frumentationibust,

317 2610 340 2655 et
365 2607 537 2654 mercennarius
564 2607 667 2655 eiusdem
694 2609 812 2656 Ciceronis
839 2609 982 2672 temporibus
1001 2609 1138 2672 „duodecim
1156 2607 1231 2655 aeris'’
1250 2611 1348 2654 mereret
1366 2606 1424 2667 (Cic.
1440 2602 1478 2649 Pro

318 2691 384 2737 Rosc.
403 2706 461 2737 corn.
482 2689 520 2747 10,
539 2690 587 2750 28),
605 2691 625 2738 is
644 2691 663 2738 si
682 2691 843 2754 Marqnurdtio
861 2693 930 2739 fidem
947 2691 1030 2739 habeas
1048 2692 1154 2754 quinque
1171 2691 1254 2738 diebus
1272 2693 1365 2738 tuntum
1380 2684 1479 2736 meruisse

317 2772 486 2820 existimandus
513 2773 550 2830 sit,
574 2777 600 2821 ut
617 2774 661 2820 sibi
680 2774 751 2821 unius
769 2775 856 2821 mensis
874 2776 1019 2822 trumentum
1037 2790 1113 2821 emere
1131 2777 1214 2836 posset.
1234 2772 1299 2820 Idem
1317 2771 1427 2820 Uhllrorn
1443 2763 1478 2814 ll.

317 2855 409 2919 colligit
434 2872 461 2904 ex
486 2855 603 2920 parabola,
626 2874 697 2920 quern
724 2857 832 2905 Christus
849 2857 925 2904 turbis
943 2857 1063 2920 proposuit
1080 2857 1108 2904 de
1125 2857 1237 2920 operariis
1256 2856 1281 2902 in
1299 2855 1368 2902 vinea
1385 2853 1480 2901 laboran-

318 2938 381 2986 tibus
408 2939 501 3000 (Matth.
528 2939 578 2997 XX,
606 2940 618 2987 l
647 2942 726 3002 sequ).
752 2941 857 2988 Fortasse
880 2944 947 2988 reete.
965 2941 989 2986 Si
1008 2939 1089 2987 saltern
1108 2940 1178 2986 unius
1195 2938 1283 2986 denarii
1301 2939 1405 3002 pretium
1422 2933 1480 2980 etiam

318 3021 344 3068 iu
363 3021 493 3069 Palaestina
510 3020 607 3080 valebat,
626 3022 688 3085 quod
705 3038 746 3085 ego
764 3023 853 3086 ignoro.
871 3023 900 3070 ln
918 3039 1046 3086 quaecum
1065 3023 1093 3070 nil
1111 3023 1209 3068 Romam
1224 3037 1271 3069 non
1289 3021 1426 3084 pertineant,
1442 3026 1480 3062 non

318 3103 422 3168 amplius
440 3104 566 3167 inquiram.

355 3187 371 3247 1)
389 3187 504 3236 Bliimner
522 3186 538 3235 l.
549 3187 566 3236 l.

353 3269 372 3330 2)
388 3270 424 3317 cf.
443 3287 501 3333 quae
519 3286 588 3333 supra
605 3274 665 3333 (pag.
685 3271 725 3330 53)
743 3272 826 3335 scripsi
839 3272 866 3319 de
876 3272 979 3335 antiquis
988 3271 1079 3318 divitiis
1089 3288 1143 3319 curn
1152 3270 1238 3318 nostris
1248 3269 1394 3334 comparatis.
1420 3265 1479 3312 Prae·

319 3357 380 3400 terea
406 3353 501 3400 interest
527 3357 604 3400 utrum
632 3353 656 3400 in
675 3354 818 3402 aestimando
835 3355 885 3402 nuri
905 3371 934 3402 an
952 3355 1040 3417 argenti
1060 3355 1172 3402 rationem
1191 3367 1332 3416 sequamur3
1351 3353 1370 3400 si
1389 3350 1480 3416 priorem

319 3438 390 3500 (quod
417 3437 560 3499 Murquarrlt,
587 3438 641 3485 siv.
669 3437 704 3485 ΙΙ)
722 3453 772 3501 pag.
792 3439 831 3496 70,
850 3439 899 3486 lieri
919 3438 984 3486 iubet
1001 3455 1055 3486 curn
1072 3441 1154 3500 agatur
1171 3438 1200 3484 tle
1216 3437 1385 3499 imperatorum
1402 3439 1480 3492 temp·

320 3519 401 3577 ribus),
427 3519 535 3566 denarius
558 3519 620 3567 idern
638 3520 713 3568 valere
730 3521 816 3568 <licitur
833 3539 858 3568 ac
876 3523 1045 3569 Germanorum
1063 3521 1093 3572 87
1112 3520 1156 3578 Pi,
1175 3520 1211 3567 sin
1230 3519 1326 3567 alteram
1345 3516 1416 3582 (qnod
1432 3511 1479 3560 Blii-

320 3619 394 3660 mner,
412 3602 463 3660 alii,
482 3619 555 3666 usque
569 3603 674 3664 faciunt),
692 3605 754 3652 irlern
772 3609 840 3668 atque
858 3605 889 3656 70
907 3605 943 3652 Pf.
962 3605 998 3652 Cf.
1018 3603 1119 3651 Hultsrh
1137 3603 1153 3650 l.
1164 3602 1180 3650 l.
1199 3619 1250 3666 pag.
1269 3601 1333 3657 711;
1353 3602 1427 3661 Marq.
1443 3591 1480 3641 l-l·

321 3701 372 3749 pag.
391 3685 430 3738 71.

354 3767 373 3827 3)
392 3768 428 3816 Cf.
447 3768 512 3816 Libri
530 3769 555 3815 ΙΙ
573 3769 648 3832 Caput
665 3770 693 3817 de
710 3770 772 3818 Cura
789 3786 894 3818 annonae
912 3775 934 3818 et
952 3770 979 3817 rle
996 3768 1235 3817 Frumentationibus.

355 3851 374 3911 4)
393 3851 428 3900 cf.
447 3850 570 3900 Bliimmer
588 3852 631 3900 l.l.
650 3869 701 3916 pag.
721 3855 759 3901 61,

356 3933 374 3993 5)
392 3933 427 3981 De
452 3935 513 3982 farre
538 3933 653 3982 Bliimner
679 3934 723 3983 l.l.
750 3953 800 3999 pag.
820 3937 866 3983 64:
894 3935 973 4000 „Spelt
990 3936 1069 3983 wnrrle
1086 3951 1114 3982 zu
1132 3935 1196 3991 Brut,
1214 3934 1313 3994 Graupe,
1332 3932 1386 3979 Brei
1404 3946 1425 3975 u.
1442 3919 1481 3984 dal·

323 4017 440 4065 verwondt
465 4018 514 4065 und
535 4033 584 4065 war
600 4019 652 4065 eine
669 4019 704 4066 im
722 4018 856 4066 Alterthnm
875 4019 1000 4081 ungemein
1017 4019 1153 4065 rerbreitete
1171 4017 1219 4064 und
1235 4014 1335 4062 beliebte
1353 4005 1501 4062 eamdent.

322 4098 378 4162 (vgl.
398 4099 468 4147 Dion.
487 4099 542 4148 Hel.
561 4101 585 4148 II
604 4102 642 4159 25,
662 4101 711 4161 2).”

355 4181 520 4241 6)Ρ1)η.Ν.Η.
530 4183 624 4241 XlX‚'4,
635 4185 677 4232 52:
689 4185 739 4247 „Ex
748 4185 815 4233 horto
823 4185 898 4248 plebei
909 4183 1058 4232 nracellum.'’
1070 4184 1105 4231 Cf.
1113 4184 1187 4246 llarq.
1195 4180 1306 4229 Privatl.²
1314 4196 1366 4243 pag.
1376 4179 1481 4233 lsslseqq·

356 4265 375 4324 ⁷)
393 4267 469 4330 Marq.
496 4266 511 4314 l.
531 4267 547 4314 l.
574 4284 624 4330 pag.
651 4269 715 4315 425:
752 4261 811 4332 „Die
837 4269 1037 4332 Geu'i'rrzptlnnzen
1058 4303 1211 4314 .......
1230 4265 1332 4312 lielerten
1352 4261 1419 4312 theils
1435 4258 1478 4303 deul

322 4349 509 4400 Arbeiterstoude
527 4350 589 4400 scine
606 4351 693 4401 schwer
710 4352 857 4402 vcrduuliche
873 4351 1012 4416 Nehrung.'’
