3122 5130
662 525 705 591 43

89 700 125 765 in
154 696 267 766 suum
289 696 353 768 ‘ius
372 710 488 790 'atque
512 704 682 770 dicionem
705 703 926 770 concessisse''
953 699 988 789 ι).
1037 703 1134 768 Haec
1160 723 1262 768 causa

89 819 159 878 erat
193 815 415 881 fortunarum
437 816 672 904 inaequalitas
698 838 785 904 quae
810 816 958 903 priscam
981 809 1261 901 aequabilitatem

90 927 198 1012 magis
222 922 404 1016 magisque
427 937 616 1017 exceperat.
663 931 706 996 In
734 931 891 996 societate
916 929 1009 996 civili
1021 936 1104 994 tunc
1116 928 1264 994 nonnisi

93 1039 159 1105 duo
181 1041 371 1107 hominum
393 1065 519 1127 genera
542 1043 569 1129 Β)
592 1050 708 1109 erant:
734 1044 866 1124 divitae,
892 1043 952 1129 qui
975 1042 1049 1128 lege
1062 1041 1265 1128 Sempronia

94 1154 174 1218 anni
197 1176 228 1220 a.
256 1177 290 1220 u.
316 1177 343 1220 c.
364 1158 428 1220 631
453 1157 494 1243 (a.
520 1157 598 1222 Chr.
613 1179 645 1222 u.
661 1157 738 1245 123)
751 1157 788 1221 in
801 1157 886 1223 duos
898 1156 1042 1237 ordines,
1056 1156 1263 1221 senatorium

93 1273 124 1331 et
147 1273 355 1354 equestrem,
381 1270 481 1336 divisi
504 1276 592 1352 sunt,
617 1277 650 1336 et
676 1270 822 1357 ,plebs'',
848 1269 874 1357 8)
899 1276 937 1335 ut
961 1291 1041 1334 cum
1065 1275 1265 1355 contemptu

94 1381 245 1466 quodam
282 1382 545 1470 appellabantur
568 1379 695 1465 omnes
721 1385 780 1470 qui
803 1383 870 1449 illis
894 1382 1071 1449 ordinibus
1094 1404 1165 1448 non
1187 1402 1265 1448 con·

94 1493 304 1560 tinebautur.
351 1497 466 1562 Etiam
488 1497 646 1585 „populi”
660 1498 799 1563 nomine
812 1495 1028 1578 notabantur,
1043 1497 1136 1585 quod
1147 1502 1263 1562 tamen

94 1607 227 1672 fastidio
252 1608 400 1675 carebat.
425 1611 457 1696 ⁴).
497 1611 546 1676 Hi
570 1617 686 1676 autem
705 1632 869 1696 magnam
880 1617 1014 1698 partem
1025 1610 1144 1695 inopes
1156 1617 1262 1676 erant.

94 1719 212 1787 Plebes
248 1722 374 1804 media,
413 1724 435 1810 5)
470 1725 627 1790 homines
660 1724 814 1790 modicae
838 1725 1004 1805 fortunae,
1031 1722 1148 1810 quales
1171 1723 1264 1809 apud

95 1855 153 1899 nos
187 1842 271 1900 suut
305 1836 499 1918 tabernarii,
529 1839 683 1919 artifices
719 1839 800 1904 navi
835 1838 990 1925 operarii,
1016 1837 1182 1903 eiusmodi
1205 1839 1265 1902 ho·

96 1949 213 2030 mines,
239 1957 325 2016 tunc
348 1958 437 2016 certe
460 1951 549 2017 inter
572 1953 740 2036 ingenuos
759 1974 829 2017 non
841 1951 990 2039 amplius
1001 1951 1102 2016 multi
1114 1951 1265 2017 invenie·

97 2059 220 2128 bantur
236 2064 276 2151 6).
324 2065 394 2130 Neo
429 2066 538 2149 magis
564 2064 664 2131 liberi
686 2065 852 2149 agricolae
877 2072 963 2131 stare
985 2071 1151 2152 poterant.
1198 2065 1264 2130 Pro

97 2183 184 2242 certo
208 2177 281 2243 dici
302 2184 412 2265 potest
434 2179 539 2244 talem
560 2179 728 2266 populum
748 2179 836 2245 male
860 2201 894 2244 se
918 2178 1054 2258 habere,
1066 2179 1266 2264 praesertim

98 2311 183 2371 cum,
235 2298 274 2356 ut
318 2313 425 2378 usque
471 2294 513 2358 ad
560 2293 653 2358 huuc
688 2293 781 2359 diem
817 2293 940 2358 Italiae
974 2291 1115 2373 incolae,
1143 2297 1267 2357 natura

98 2405 140 2469 ad
176 2427 279 2490 agros
324 2405 482 2472 colendos
526 2406 713 2472 destinatus
746 2427 817 2473 esse
851 2406 1017 2474 videatur.
1063 2406 1268 2492 Praecipaus

98 2539 212 2585 causas
236 2541 440 2586 enumerare
464 2521 621 2602 conabor,
647 2543 727 2586 cum
751 2521 792 2587 de
817 2521 890 2605 agri
913 2519 1120 2587 culturacur
1133 2521 1265 2601 iaceret,

99 2637 170 2696 tum
193 2655 256 2699 cur
282 2633 394 2700 media
417 2633 533 2720 plebes
556 2635 686 2700 Romae
710 2635 829 2701 florere
853 2655 923 2701 non
946 2641 1067 2721 posset.

131 2847 147 2908 ¹)
182 2849 241 2898 Sall.
262 2849 314 2898 cat.
334 2851 373 2907 20,
393 2851 415 2903 7.
1201 2891 1227 2910 -,
1258 2899 1261 2906 .

129 2930 147 2990 ⁷)
181 2932 217 2980 Os.
245 2932 320 2995 Voigt
344 2932 371 2981 in
396 2934 437 2981 lw.
456 2949 479 2982 v.
497 2933 532 2981 Μ.
551 2934 571 2982 ’s
589 2935 683 2984 Handb.
709 2935 751 2992 IV,
777 2934 811 2992 2²,
829 2950 880 2999 pag.
900 2934 956 2991 337,
974 2939 998 2984 et
1014 2933 1135 2998 imprimis
1152 2933 1264 2982 Momms.

99 3011 150 3060 Sta.
168 3014 210 3063 III
228 3031 283 3079 pag.
302 3016 351 3064 460
368 3033 439 3080 seqq,
458 3020 481 3066 et
498 3017 531 3065 ibi
550 3017 719 3067 adnotationes.

128 3095 147 3156 3)
181 3098 299 3162 „Plebis”
317 3115 362 3148 vox
379 3100 453 3164 igitur
470 3101 574 3149 diversos
591 3101 726 3150 intellectus
744 3100 820 3158 hahet,
838 3100 880 3165 qui
898 3116 926 3149 ex
942 3099 1058 3149 sermonis
1075 3103 1184 3148 mntextu
1197 3098 1266 3148 facile

97 3178 297 3231 internoscantur.

129 3264 147 3323 ⁴)
181 3264 239 3314 Sall.
268 3265 320 3329 lug.
348 3266 388 3324 tl,
416 3269 446 3314 5:
464 3267 547 3332 („Post
564 3267 731 3331 Carthaginem
748 3266 857 3329 deletam)
874 3283 969 3331 coepere
985 3267 1098 3315 nobilitas
1115 3265 1263 3330 dignitatem,

99 3345 197 3408 populus
224 3347 359 3397 libertatem
384 3349 410 3398 in
436 3349 570 3400 lubidinem
596 3355 693 3408 vortere,
720 3349 766 3398 sibi
793 3350 892 3415 quisque
916 3349 999 3399 ducere
1016 3349 1109 3398 trahere
1126 3363 1212 3414 rupere.
1232 3349 1265 3397 itn'

74 3462 76 3466 -
99 3429 176 3477 omnis
202 3430 229 3478 in
256 3430 314 3478 duas
339 3433 413 3495 partis
439 3432 554 3482 abstracta
579 3437 643 3490 sunt,
670 3433 825 3498 respublica,
843 3450 902 3498 quae
920 3433 997 3481 medis
1013 3433 1096 3491 fuerat,
1113 3432 1263 3482 dilacerata.’'

99 3509 144 3558 Cla
162 3513 198 3562 De
215 3514 272 3578 leg.
290 3530 338 3578 agr.
357 3515 390 3574 Il,
401 3516 440 3572 26,
451 3516 482 3568 70
493 3533 498 3559 ε
508 3517 557 3581 ,ut
565 3517 681 3566 nimirum
690 3518 753 3566 idem
762 3521 804 3576 est,
813 3520 876 3582 quod
884 3517 913 3566 ab
927 3518 971 3565 hoc
979 3517 1078 3566 tribuno
1087 3516 1164 3582 plebis
1173 3516 1265 3564 dictum

100 3596 132 3640 est
156 3595 182 3642 in
208 3604 300 3654 senatu,
332 3597 444 3647 urbanam
471 3598 563 3662 plebem
581 3600 684 3649 nimium
702 3600 727 3649 in
746 3601 883 3665 republica
900 3617 981 3665 posse:
999 3601 1183 3650 exhauriendam
1200 3614 1264 3655 esse;

99 3674 140 3723 hoc
164 3679 229 3727 euim
255 3682 291 3727 est
316 3695 380 3737 usus,
406 3681 472 3745 quasi
498 3681 527 3730 de
552 3681 631 3747 aliqua
648 3683 740 3732 sentina
756 3701 783 3732 ac
799 3700 848 3732 non
865 3685 893 3733 de
910 3684 1055 3748 optimorum
1073 3682 1164 3731 civium
1180 3697 1265 3746 genere

99 3756 256 3822 loqueretur.”
292 3760 340 3811 cic.
358 3763 387 3812 In
405 3763 468 3828 Toga
485 3766 551 3814 caud.
569 3781 606 3829 ap.
624 3768 709 3814 Ascon.
728 3782 778 3831 pag.
805 3767 837 3814 90
855 3767 913 3816 Or:
941 3768 978 3830 ,A
996 3764 1163 3814 senatoribus?
1182 3802 1186 3811 .
1206 3801 1211 3810 .
1231 3801 1235 3810 .
1257 3798 1262 3809 .

100 3841 134 3889 Ab
150 3845 254 3906 equestri
272 3845 375 3894 ordine?
393 3883 398 3893 .
418 3882 423 3894 .
443 3884 448 3894 .
468 3885 473 3894 .
492 3850 510 3895 A
529 3846 634 3911 plebe?”
669 3849 730 3898 Suet.
750 3848 801 3898 Cal.
819 3850 867 3899 49:
889 3849 1011 3913 „Fqbestri
1029 3847 1107 3897 ordini
1126 3846 1261 3912 etpopulo;

100 3941 151 3974 nam
168 3943 192 3975 se
208 3945 285 3993 neque
301 3928 377 3977 civem
394 3945 471 3994 neque
488 3931 619 3994 principem
637 3932 726 3980 senatui
745 3927 849 3998 amplius
867 3929 939 3980 lore.'’
957 3931 996 3979 Sic
1012 3928 1107 3994 passim.

132 4009 149 4070 ⁵)
183 4011 235 4059 Hoc
254 4011 395 4060 vocabulum
412 4013 516 4061 occurrit
532 4013 595 4077 apud
612 4013 676 4063 Pliu.
695 4014 726 4062 N.
744 4015 777 4062 H.
795 4015 879 4070 XXVI,
898 4014 921 4070 1,
940 4014 962 4061 3.

130 4092 149 4152 ⁸)
182 4094 219 4142 Ol.
240 4093 318 4158 Msrq.
338 4094 459 4145 Privatl.²
475 4111 527 4160 pag.
546 4097 602 4144 401.
638 4097 712 4146 Initio
730 4097 813 4146 saltem
830 4097 946 4145 Romrum
963 4095 991 4144 sb
1008 4095 1100 4144 artibus
1116 4111 1176 4160 quae
1190 4113 1262 4147 manu

101 4178 230 4225 mustarent
248 4191 296 4224 non
313 4176 462 4226 abhorruisse
479 4194 549 4242 supra
565 4182 625 4244 (pag.
644 4180 685 4240 32)
704 4180 780 4229 docui.
802 4179 912 4228 Ceterum
929 4179 1019 4227 Numae
1036 4177 1147 4241 opificum
1165 4179 1263 4244 collegia

101 4255 235 4308 violentiam
257 4259 364 4310 roenna
381 4259 541 4310 toleraverunt
557 4261 624 4323 (ibid.
642 4279 693 4326 pag.
717 4263 764 4322 31).
1173 4258 1175 4261 ”
