3122 5130
112 735 232 822 Epigr.
257 734 284 816 I,
309 735 361 815 92,
386 733 406 799 5
429 756 543 821 seqq.:

161 848 251 928 „Sed
273 849 301 913 si
323 870 386 914 nec
409 849 503 913 focus
526 854 662 914 estnec
685 851 770 915 nudi
793 849 923 936 sponda
947 848 1079 934 grabati

204 961 279 1027 Neo
302 967 417 1026 curtus
441 961 588 1028 Chiones
611 963 820 1050 Antiopesve
843 962 942 1043 calix,

158 1075 268 1141 Cerea
290 1075 318 1140 si
340 1075 467 1161 pendet
488 1074 615 1141 lumbis
638 1083 672 1141 θῖ
695 1077 819 1163 scripta
841 1075 978 1142 lacerna

204 1188 443 1274 Dimidiasque
468 1195 563 1254 nates
586 1189 717 1255 Gallica
740 1189 842 1255 braca
864 1189 958 1273 tegit,
1050 1225 1054 1231 -

159 1303 317 1368 Pasceris
340 1307 374 1367 et
395 1302 513 1387 nigrae
539 1301 609 1368 solo
634 1304 752 1369 nidore
776 1301 909 1369 culinae

207 1416 255 1480 Et
276 1415 364 1480 bibis
385 1395 604 1481 immundam
626 1438 707 1482 cum
729 1438 813 1483 cane
836 1436 964 1502 pronus
989 1415 1147 1502 aquam.’'

116 1528 177 1610 XI,
205 1530 267 1594 32:

163 1643 257 1723 „Nec
281 1650 360 1729 toga
384 1665 446 1709 nec
466 1644 560 1709 focus
583 1649 717 1709 estnec
741 1644 840 1709 tritus
863 1643 982 1709 cimice
1005 1642 1112 1708 lectus

206 1758 280 1823 Nec
304 1757 367 1823 tibi
390 1758 431 1823 de
455 1756 572 1822 bibula
595 1763 684 1822 sarta
706 1757 830 1843 palude
854 1763 956 1842 togae,

160 1871 235 1937 Nec
259 1893 345 1957 puer
368 1871 570 1951 amoenior,
595 1870 692 1936 nulla
714 1876 764 1937 θεῖ
788 1870 912 1936 ancilla
934 1891 995 1936 nec
1019 1869 1142 1949 infans,

206 1985 279 2050 Neo
304 2007 377 2050 sera
400 2007 463 2050 nec
486 1984 591 2050 clavis
613 2006 675 2050 nec
698 1985 792 2050 oanis
815 1991 917 2071 atque
941 1983 1040 2050 calix.

161 2098 215 2164 Tu
240 2105 357 2163 tamen
381 2098 528 2179 affectaS,
554 2099 685 2178 Nestor,
710 2098 778 2163 diei
801 2104 903 2184 atque
928 2097 1037 2164 videri

207 2213 355 2297 Pauper,
382 2212 473 2277 etin
497 2211 624 2298 populo
653 2212 787 2297 quaeris
811 2211 935 2276 habere
959 2210 1084 2276 locum.

162 2324 321 2392 Mentiris
344 2346 502 2411 vanoque
526 2325 588 2390 tibi
610 2324 775 2390 blandiris
798 2325 936 2390 honore.

209 2439 290 2503 Non
314 2445 363 2504 θεῖ
386 2445 576 2525 ρθυρθεῖθε,
601 2439 731 2520 Nestor,
756 2438 881 2504 habere
906 2437 1024 2503 nihil.''

119 2549 206 2617 Ibid.
232 2551 286 2633 56,
312 2553 330 2616 1
355 2573 470 2639 seqq.:
537 2629 539 2633 ¹

166 2665 289 2745 ,Quod
311 2665 460 2730 nimium
484 2671 639 2747 mortem,
665 2666 877 2732 Chaeremon
902 2665 1021 2745 Stoice,
1045 2663 1174 2743 laudas,

207 2778 272 2846 Vis
295 2779 451 2844 animum
475 2780 579 2844 mirer
602 2779 852 2866 suspiciamque
876 2779 1003 2844 tuum?

163 2892 267 2957 Hanc
289 2891 352 2957 tibi
373 2893 537 2959 virtutem
559 2893 666 2959 fracta
687 2893 768 2958 facit
790 2913 911 2958 urceus
934 2913 1025 2972 ansa,

210 3006 257 3070 Et
280 3005 383 3070 tristis
405 3005 501 3071 nullo
526 3007 586 3092 qui
609 3012 701 3092 tepet
724 3006 803 3090 igne
827 3007 930 3086 socna,

166 3119 211 3184 Et
235 3125 329 3203 teges
352 3125 385 3185 θῖ
408 3119 520 3185 cimex
544 3126 578 3184 et
601 3119 685 3185 nudi
709 3119 840 3204 sponda
863 3118 1005 3203 grabati,

210 3233 257 3296 nt
280 3231 393 3299 brevis
416 3239 517 3319 atque
542 3233 661 3298 eadem
684 3238 782 3297 nocte
807 3232 929 3318 dieque
952 3237 1041 3316 toga.

167 3343 196 3410 Ο
222 3367 328 3432 quam
351 3367 497 3430 magnus
519 3346 623 3411 homo
647 3368 690 3427 θε,
716 3346 776 3432 qui
798 3346 889 3411 faece
913 3345 1066 3410 rubentis
1089 3344 1175 3408 aceti

210 3459 257 3523 Et
279 3458 405 3545 stipula
427 3465 461 3525 θῖ
484 3459 582 3543 nigro
606 3481 694 3546 pane
718 3481 831 3524 carere
855 3464 949 3544 potes
963 3458 991 3522 l''
1018 3455 1043 3545 1)

125 3594 218 3672 Quae
255 3597 371 3661 omnia
398 3598 425 3661 si
447 3597 495 3662 ita
519 3603 607 3678 sunt,
631 3597 725 3662 haud
748 3597 815 3662 scio
841 3619 885 3662 an
908 3618 988 3663 vero
1012 3595 1167 3682 proxime
1191 3593 1245 3658 ab·

90 3757 274 3772 5..

116 3834 134 3896 1)
159 3839 267 3888 Ceterum
289 3841 314 3888 in
340 3841 378 3889 his
395 3841 569 3905 epigrammatis
586 3839 704 3888 Martialis
722 3841 772 3889 sine
797 3841 870 3890 dubio
896 3843 988 3888 secutus
1005 3841 1040 3886 est
1057 3836 1179 3885 Catullum
1197 3835 1247 3897 (23,

89 3917 98 3962 l
117 3925 200 3984 seqq.):
226 3923 318 3986 „Fumi
341 3924 396 3987 quoi
422 3939 498 3987 neque
515 3939 593 3971 servos
610 3927 645 3970 est
663 3939 737 3987 ncque
754 3940 806 3972 arca
823 3925 872 3972 Nec
889 3924 963 3970 cimex
983 3936 1057 3984 ucqua
1075 3937 1156 3969 aranea
1173 3936 1248 3984 neque

87 4001 143 4063 ignis
167 4021 186 4053 θ.
204 4023 227 4070 q.
246 4006 282 4054 s.’'
309 4008 345 4055 Os.
373 4008 442 4056 ctiam
469 4005 556 4054 Catull.
583 4006 623 4063 24,
650 4008 672 4054 5.
700 4007 783 4055 Simile
809 4007 866 4070 quid
892 4007 939 4053 iam
964 4005 1025 4070 apud
1050 4005 1150 4053 comicos
1175 4005 1246 4051 Graa-

88 4108 128 4143 ros.
145 4099 261 4165 Aristoph.
280 4101 343 4149 Plut.
364 4101 411 4148 540
429 4118 492 4165 seq.:
522 4087 603 4154 ηὰντὶ
633 4085 665 4148 δὲ
695 4094 794 4159 κλίνης
823 4087 959 4159 στι,’;άὸα
989 4091 1114 4166 σχοίνων
1143 4087 1248 4164 κόρεων

91 4183 208 4254 μεστήν,
230 4185 248 4248 ἣ
269 4183 336 4252 τοὺς
355 4181 491 4252 εὕδοντας
512 4181 641 4258 ἑγθίρει.”
662 4197 742 4244 Alexis
759 4197 784 4244 in
803 4196 917 4244 Moinekii
934 4197 1017 4258 fragm.
1036 4195 1102 4243 Com.
1120 4195 1166 4252 111,
1184 4194 1244 4241 4652

93 4272 151 4336 reia
171 4278 246 4358 ἔχων
267 4276 299 4338 δὲ
320 4283 464 4358 τυγχάνω
485 4279 516 4338 οὐ
535 4279 663 4353 βόλβον,
686 4278 716 4337 οὐ
737 4285 803 4352 πῦρ,
825 4277 856 4336 οὐ
875 4280 1002 4353 κύμινον,
1025 4275 1081 4356 οὐχ
1101 4277 1206 4345 ἅλας.”
