<?xml version="1.0" encoding="UTF-8"?>
<!DOCTYPE html PUBLIC "-//W3C//DTD XHTML 1.0 Transitional//EN"
    "http://www.w3.org/TR/xhtml1/DTD/xhtml1-transitional.dtd">
<html xmlns="http://www.w3.org/1999/xhtml" xml:lang="en" lang="en">
 <head>
  <title>
</title>
<meta http-equiv="Content-Type" content="text/html;charset=utf-8" />
  <meta name='ocr-system' content='tesseract 3.04.00' />
  <meta name='ocr-capabilities' content='ocr_page ocr_carea ocr_par ocr_line ocrx_word'/>
</head>
<body>
  <div class='ocr_page' id='page_1' title='image "./depauperumcuraa01essegoog_0292.png"; bbox 0 0 3084 5128; ppageno 0'>
   <div class='ocr_carea' id='block_1_1' title="bbox 632 490 696 558">
    <p class='ocr_par' dir='ltr' id='par_1_1' title="bbox 632 490 696 558">
     <span class='ocr_line' id='line_1_1' title="bbox 632 490 696 558; baseline -0.031 0"><span class='ocrx_word' id='word_1_1' title='bbox 632 490 696 558; x_wconf 83' lang='lat'>271</span> 
     </span>
    </p>
   </div>
   <div class='ocr_carea' id='block_1_2' title="bbox 78 663 1248 2460">
    <p class='ocr_par' dir='ltr' id='par_1_2' title="bbox 78 663 1248 2460">
     <span class='ocr_line' id='line_1_2' title="bbox 83 663 1247 757; baseline 0.007 -27"><span class='ocrx_word' id='word_1_2' title='bbox 83 663 287 748; x_wconf 72' lang='lat' dir='ltr'>,Amisenoa</span> <span class='ocrx_word' id='word_1_3' title='bbox 323 687 472 754; x_wconf 89' lang='lat' dir='ltr'>quorum</span> <span class='ocrx_word' id='word_1_4' title='bbox 504 667 661 736; x_wconf 92' lang='lat' dir='ltr'>libellum</span> <span class='ocrx_word' id='word_1_5' title='bbox 695 669 861 757; x_wconf 83' lang='lat' dir='ltr'>epistulae</span> <span class='ocrx_word' id='word_1_6' title='bbox 896 675 976 737; x_wconf 87' lang='lat' dir='ltr'>tuae</span> <span class='ocrx_word' id='word_1_7' title='bbox 1011 671 1183 752; x_wconf 86' lang='lat' dir='ltr'>iunxeras,</span> <span class='ocrx_word' id='word_1_8' title='bbox 1218 668 1247 738; x_wconf 89' lang='lat' dir='ltr'>si</span> 
     </span>
     <span class='ocr_line' id='line_1_3' title="bbox 80 777 1246 869; baseline 0.006 -26"><span class='ocrx_word' id='word_1_9' title='bbox 80 777 207 864; x_wconf 83' lang='lat' dir='ltr'>legibus</span> <span class='ocrx_word' id='word_1_10' title='bbox 232 780 386 862; x_wconf 89' lang='lat' dir='ltr'>istorum,</span> <span class='ocrx_word' id='word_1_11' title='bbox 412 781 537 869; x_wconf 91' lang='lat' dir='ltr'>quibus</span> <span class='ocrx_word' id='word_1_12' title='bbox 560 782 602 850; x_wconf 88' lang='lat' dir='ltr'>de</span> <span class='ocrx_word' id='word_1_13' title='bbox 625 783 739 850; x_wconf 83' lang='lat' dir='ltr'>officio</span> <span class='ocrx_word' id='word_1_14' title='bbox 762 783 906 850; x_wconf 86' lang='lat' dir='ltr'>foederis</span> <span class='ocrx_word' id='word_1_15' title='bbox 929 788 1085 865; x_wconf 90' lang='lat' dir='ltr'>utuntur,</span> <span class='ocrx_word' id='word_1_16' title='bbox 1109 805 1246 850; x_wconf 90' lang='lat' dir='ltr'>oonoes-</span> 
     </span>
     <span class='ocr_line' id='line_1_4' title="bbox 80 894 1243 984; baseline 0.006 -28"><span class='ocrx_word' id='word_1_17' title='bbox 80 913 152 958; x_wconf 88' lang='lat' dir='ltr'>sum</span> <span class='ocrx_word' id='word_1_18' title='bbox 173 900 224 960; x_wconf 88' lang='lat' dir='ltr'>est</span> <span class='ocrx_word' id='word_1_19' title='bbox 246 915 392 961; x_wconf 90' lang='lat' dir='ltr'>eranum</span> <span class='ocrx_word' id='word_1_20' title='bbox 415 894 552 978; x_wconf 87' lang='lat' dir='ltr'>habere,</span> <span class='ocrx_word' id='word_1_21' title='bbox 578 919 757 983; x_wconf 90' lang='lat' dir='ltr'>possumus</span> <span class='ocrx_word' id='word_1_22' title='bbox 780 918 848 984; x_wconf 92' lang='lat' dir='ltr'>quo</span> <span class='ocrx_word' id='word_1_23' title='bbox 872 897 987 963; x_wconf 88' lang='lat' dir='ltr'>minus</span> <span class='ocrx_word' id='word_1_24' title='bbox 1008 897 1160 964; x_wconf 88' lang='lat' dir='ltr'>habeant</span> <span class='ocrx_word' id='word_1_25' title='bbox 1171 919 1243 964; x_wconf 92' lang='lat' dir='ltr'>non</span> 
     </span>
     <span class='ocr_line' id='line_1_5' title="bbox 79 1005 1248 1092; baseline 0.006 -23"><span class='ocrx_word' id='word_1_26' title='bbox 79 1005 239 1092; x_wconf 87' lang='lat' dir='ltr'>inpedire,</span> <span class='ocrx_word' id='word_1_27' title='bbox 264 1029 304 1074; x_wconf 93' lang='lat' dir='ltr'>eo</span> <span class='ocrx_word' id='word_1_28' title='bbox 327 1008 470 1089; x_wconf 80' lang='lat' dir='ltr'><strong>facilius,</strong></span> <span class='ocrx_word' id='word_1_29' title='bbox 495 1010 523 1076; x_wconf 92' lang='lat' dir='ltr'>si</span> <span class='ocrx_word' id='word_1_30' title='bbox 547 1010 607 1076; x_wconf 91' lang='lat' dir='ltr'>tali</span> <span class='ocrx_word' id='word_1_31' title='bbox 630 1010 823 1077; x_wconf 86' lang='lat' dir='ltr'>conlatione</span> <span class='ocrx_word' id='word_1_32' title='bbox 847 1032 916 1076; x_wconf 93' lang='lat' dir='ltr'>non</span> <span class='ocrx_word' id='word_1_33' title='bbox 940 1010 983 1076; x_wconf 88' lang='lat' dir='ltr'>ad</span> <span class='ocrx_word' id='word_1_34' title='bbox 1006 1009 1124 1076; x_wconf 91' lang='lat' dir='ltr'>turbas</span> <span class='ocrx_word' id='word_1_35' title='bbox 1147 1010 1248 1077; x_wconf 90' lang='lat' dir='ltr'>etad</span> 
     </span>
     <span class='ocr_line' id='line_1_6' title="bbox 79 1119 1247 1212; baseline 0.006 -29"><span class='ocrx_word' id='word_1_36' title='bbox 79 1119 222 1187; x_wconf 81' lang='lat' dir='ltr'>inlicitos</span> <span class='ocrx_word' id='word_1_37' title='bbox 269 1127 384 1188; x_wconf 83' lang='lat' dir='ltr'>coetus</span> <span class='ocrx_word' id='word_1_38' title='bbox 417 1123 476 1189; x_wconf 90' lang='lat' dir='ltr'>sed</span> <span class='ocrx_word' id='word_1_39' title='bbox 511 1124 553 1189; x_wconf 89' lang='lat' dir='ltr'>ad</span> <span class='ocrx_word' id='word_1_40' title='bbox 588 1125 826 1191; x_wconf 89' lang='lat' dir='ltr'>sustinendam</span> <span class='ocrx_word' id='word_1_41' title='bbox 861 1125 1058 1190; x_wconf 89' lang='lat' dir='ltr'>tenuiorum</span> <span class='ocrx_word' id='word_1_42' title='bbox 1093 1124 1247 1212; x_wconf 90' lang='lat' dir='ltr'>inopiam</span> 
     </span>
     <span class='ocr_line' id='line_1_7' title="bbox 79 1233 1247 1325; baseline 0.007 -28"><span class='ocrx_word' id='word_1_43' title='bbox 79 1239 230 1300; x_wconf 91' lang='lat' dir='ltr'>utuntur.</span> <span class='ocrx_word' id='word_1_44' title='bbox 277 1233 318 1300; x_wconf 94' lang='lat' dir='ltr'>In</span> <span class='ocrx_word' id='word_1_45' title='bbox 342 1237 462 1302; x_wconf 84' lang='lat' dir='ltr'>ceteris</span> <span class='ocrx_word' id='word_1_46' title='bbox 485 1237 691 1318; x_wconf 85' lang='lat' dir='ltr'>civitatibus,</span> <span class='ocrx_word' id='word_1_47' title='bbox 715 1259 803 1325; x_wconf 89' lang='lat' dir='ltr'>quae</span> <span class='ocrx_word' id='word_1_48' title='bbox 828 1243 943 1304; x_wconf 89' lang='lat' dir='ltr'>nostro</span> <span class='ocrx_word' id='word_1_49' title='bbox 967 1238 1040 1304; x_wconf 89' lang='lat' dir='ltr'>iure</span> <span class='ocrx_word' id='word_1_50' title='bbox 1065 1237 1247 1305; x_wconf 78' lang='lat' dir='ltr'>obstrictae</span> 
     </span>
     <span class='ocr_line' id='line_1_8' title="bbox 79 1347 1247 1437; baseline 0.005 -26"><span class='ocrx_word' id='word_1_51' title='bbox 79 1350 164 1428; x_wconf 90' lang='lat' dir='ltr'>sunt,</span> <span class='ocrx_word' id='word_1_52' title='bbox 200 1369 253 1414; x_wconf 88' lang='lat' dir='ltr'>res</span> <span class='ocrx_word' id='word_1_53' title='bbox 288 1347 487 1416; x_wconf 92' lang='lat' dir='ltr'>huiusmodi</span> <span class='ocrx_word' id='word_1_54' title='bbox 517 1351 733 1437; x_wconf 90' lang='lat' dir='ltr'>prohibenda</span> <span class='ocrx_word' id='word_1_55' title='bbox 755 1352 836 1418; x_wconf 90' lang='lat' dir='ltr'>est.&#39;&#39;</span> <span class='ocrx_word' id='word_1_56' title='bbox 884 1352 983 1418; x_wconf 88' lang='lat' dir='ltr'>Patet</span> <span class='ocrx_word' id='word_1_57' title='bbox 1005 1351 1112 1437; x_wconf 85' lang='lat' dir='ltr'>igitur</span> <span class='ocrx_word' id='word_1_58' title='bbox 1135 1351 1247 1418; x_wconf 88' lang='lat' dir='ltr'>Amisi</span> 
     </span>
     <span class='ocr_line' id='line_1_9' title="bbox 78 1462 1247 1552; baseline 0.006 -28"><span class='ocrx_word' id='word_1_59' title='bbox 78 1481 111 1525; x_wconf 90' lang='lat' dir='ltr'>re</span> <span class='ocrx_word' id='word_1_60' title='bbox 134 1483 216 1528; x_wconf 87' lang='lat' dir='ltr'>vera</span> <span class='ocrx_word' id='word_1_61' title='bbox 235 1462 337 1529; x_wconf 88' lang='lat' dir='ltr'>luisse</span> <span class='ocrx_word' id='word_1_62' title='bbox 361 1462 586 1546; x_wconf 82' lang='lat' dir='ltr'>sodalitatem,</span> <span class='ocrx_word' id='word_1_63' title='bbox 615 1486 703 1551; x_wconf 85' lang='lat' dir='ltr'>quae</span> <span class='ocrx_word' id='word_1_64' title='bbox 727 1465 909 1552; x_wconf 83' lang='lat' dir='ltr'>pecuniam</span> <span class='ocrx_word' id='word_1_65' title='bbox 933 1464 1092 1550; x_wconf 83' lang='lat' dir='ltr'>colligere</span> <span class='ocrx_word' id='word_1_66' title='bbox 1116 1464 1247 1532; x_wconf 87' lang='lat' dir='ltr'>solebat</span> 
     </span>
     <span class='ocr_line' id='line_1_10' title="bbox 78 1575 1244 1665; baseline 0.006 -26"><span class='ocrx_word' id='word_1_67' title='bbox 78 1575 328 1642; x_wconf 79' lang='lat' dir='ltr'>conferentibus</span> <span class='ocrx_word' id='word_1_68' title='bbox 363 1577 444 1663; x_wconf 90' lang='lat' dir='ltr'>ipsis</span> <span class='ocrx_word' id='word_1_69' title='bbox 477 1577 659 1659; x_wconf 89' lang='lat' dir='ltr'>sodalibus,</span> <span class='ocrx_word' id='word_1_70' title='bbox 696 1585 735 1644; x_wconf 88' lang='lat' dir='ltr'>ut</span> <span class='ocrx_word' id='word_1_71' title='bbox 768 1579 796 1645; x_wconf 91' lang='lat' dir='ltr'>si</span> <span class='ocrx_word' id='word_1_72' title='bbox 831 1579 908 1665; x_wconf 92' lang='lat' dir='ltr'>quis</span> <span class='ocrx_word' id='word_1_73' title='bbox 942 1599 1062 1644; x_wconf 89' lang='lat' dir='ltr'>eorum</span> <span class='ocrx_word' id='word_1_74' title='bbox 1096 1584 1244 1664; x_wconf 84' lang='lat' dir='ltr'>egestate</span> 
     </span>
     <span class='ocr_line' id='line_1_11' title="bbox 79 1688 1246 1779; baseline 0.004 -26"><span class='ocrx_word' id='word_1_75' title='bbox 79 1696 297 1773; x_wconf 78' lang='lat' dir='ltr'>premeretur,</span> <span class='ocrx_word' id='word_1_76' title='bbox 321 1688 494 1756; x_wconf 90' lang='lat' dir='ltr'>sublevari</span> <span class='ocrx_word' id='word_1_77' title='bbox 516 1713 556 1758; x_wconf 88' lang='lat' dir='ltr'>ea</span> <span class='ocrx_word' id='word_1_78' title='bbox 579 1699 701 1779; x_wconf 89' lang='lat' dir='ltr'>posset.</span> <span class='ocrx_word' id='word_1_79' title='bbox 747 1692 852 1758; x_wconf 83' lang='lat' dir='ltr'>Reate</span> <span class='ocrx_word' id='word_1_80' title='bbox 877 1697 992 1758; x_wconf 86' lang='lat' dir='ltr'>tamen</span> <span class='ocrx_word' id='word_1_81' title='bbox 1017 1697 1135 1758; x_wconf 87' lang='lat' dir='ltr'>monet</span> <span class='ocrx_word' id='word_1_82' title='bbox 1154 1692 1246 1760; x_wconf 90' lang='lat' dir='ltr'>Wal-</span> 
     </span>
     <span class='ocr_line' id='line_1_12' title="bbox 79 1803 1247 1892; baseline 0.006 -27"><span class='ocrx_word' id='word_1_83' title='bbox 79 1803 168 1887; x_wconf 85' lang='lat' dir='ltr'>tzing</span> <span class='ocrx_word' id='word_1_84' title='bbox 202 1803 361 1870; x_wconf 90' lang='lat' dir='ltr'>Amisum</span> <span class='ocrx_word' id='word_1_85' title='bbox 397 1805 499 1870; x_wconf 88' lang='lat' dir='ltr'>luisse</span> <span class='ocrx_word' id='word_1_86' title='bbox 523 1805 691 1892; x_wconf 91' lang='lat' dir='ltr'>oppidum</span> <span class='ocrx_word' id='word_1_87' title='bbox 716 1806 887 1872; x_wconf 86' lang='lat' dir='ltr'>Graecum</span> <span class='ocrx_word' id='word_1_88' title='bbox 914 1805 1092 1871; x_wconf 91' lang='lat' dir='ltr'>-Ponto</span> <span class='ocrx_word' id='word_1_89' title='bbox 1115 1805 1247 1872; x_wconf 88' lang='lat' dir='ltr'>adiaoe·</span> 
     </span>
     <span class='ocr_line' id='line_1_13' title="bbox 79 1913 1246 2004; baseline 0.005 -25"><span class='ocrx_word' id='word_1_90' title='bbox 79 1913 134 1980; x_wconf 90' lang='lat' dir='ltr'>bat</span> <span class='ocrx_word' id='word_1_91' title='bbox 164 1954 208 1964; x_wconf 98' lang='lat'><strong>—</strong></span> <span class='ocrx_word' id='word_1_92' title='bbox 232 1938 276 1982; x_wconf 87' lang='lat' dir='ltr'>ex</span> <span class='ocrx_word' id='word_1_93' title='bbox 299 1939 368 2004; x_wconf 91' lang='lat' dir='ltr'>quo</span> <span class='ocrx_word' id='word_1_94' title='bbox 400 1918 441 1985; x_wconf 86' lang='lat' dir='ltr'>de</span> <span class='ocrx_word' id='word_1_95' title='bbox 465 1918 633 1985; x_wconf 85' lang='lat' dir='ltr'>Romanis</span> <span class='ocrx_word' id='word_1_96' title='bbox 653 1918 796 1985; x_wconf 90' lang='lat' dir='ltr'>urbibus</span> <span class='ocrx_word' id='word_1_97' title='bbox 808 1918 1039 1985; x_wconf 79' lang='lat' dir='ltr'>coniecturam</span> <span class='ocrx_word' id='word_1_98' title='bbox 1052 1918 1161 1984; x_wconf 85' lang='lat' dir='ltr'>faeere</span> <span class='ocrx_word' id='word_1_99' title='bbox 1175 1941 1246 1985; x_wconf 91' lang='lat' dir='ltr'>non</span> 
     </span>
     <span class='ocr_line' id='line_1_14' title="bbox 78 2027 1245 2118; baseline 0.005 -25"><span class='ocrx_word' id='word_1_100' title='bbox 78 2027 195 2111; x_wconf 87' lang='lat' dir='ltr'>lioeat;</span> <span class='ocrx_word' id='word_1_101' title='bbox 234 2028 260 2115; x_wconf 82' lang='lat'>¹)</span> <span class='ocrx_word' id='word_1_102' title='bbox 294 2031 402 2098; x_wconf 90' lang='lat' dir='ltr'>immo</span> <span class='ocrx_word' id='word_1_103' title='bbox 437 2031 473 2097; x_wconf 92' lang='lat' dir='ltr'>in</span> <span class='ocrx_word' id='word_1_104' title='bbox 513 2032 567 2099; x_wconf 94' lang='lat' dir='ltr'>his</span> <span class='ocrx_word' id='word_1_105' title='bbox 590 2033 758 2100; x_wconf 90' lang='lat' dir='ltr'>eiusmodi</span> <span class='ocrx_word' id='word_1_106' title='bbox 782 2033 929 2099; x_wconf 89' lang='lat' dir='ltr'>Graeoas</span> <span class='ocrx_word' id='word_1_107' title='bbox 952 2030 1147 2098; x_wconf 87' lang='lat' dir='ltr'>sodalitates</span> <span class='ocrx_word' id='word_1_108' title='bbox 1168 2030 1245 2118; x_wconf 89' lang='lat' dir='ltr'>lege</span> 
     </span>
     <span class='ocr_line' id='line_1_15' title="bbox 78 2143 1246 2232; baseline 0.006 -25"><span class='ocrx_word' id='word_1_109' title='bbox 78 2143 177 2210; x_wconf 86' lang='lat' dir='ltr'>luisse</span> <span class='ocrx_word' id='word_1_110' title='bbox 201 2144 332 2210; x_wconf 87' lang='lat' dir='ltr'>vet&#39;tas.</span> <span class='ocrx_word' id='word_1_111' title='bbox 378 2145 502 2232; x_wconf 89' lang='lat' dir='ltr'>Itaque</span> <span class='ocrx_word' id='word_1_112' title='bbox 526 2147 639 2214; x_wconf 87' lang='lat' dir='ltr'>nescio</span> <span class='ocrx_word' id='word_1_113' title='bbox 662 2169 705 2213; x_wconf 90' lang='lat' dir='ltr'>an</span> <span class='ocrx_word' id='word_1_114' title='bbox 730 2145 904 2230; x_wconf 85' lang='lat' dir='ltr'>Waltzing</span> <span class='ocrx_word' id='word_1_115' title='bbox 926 2167 1043 2212; x_wconf 86' lang='lat' dir='ltr'>avero</span> <span class='ocrx_word' id='word_1_116' title='bbox 1059 2144 1246 2232; x_wconf 87' lang='lat' dir='ltr'>nonlonge</span> 
     </span>
     <span class='ocr_line' id='line_1_16' title="bbox 79 2255 1248 2347; baseline 0.003 -26"><span class='ocrx_word' id='word_1_117' title='bbox 79 2255 172 2338; x_wconf 87' lang='lat' dir='ltr'>absit,</span> <span class='ocrx_word' id='word_1_118' title='bbox 209 2277 289 2323; x_wconf 86' lang='lat' dir='ltr'>oum</span> <span class='ocrx_word' id='word_1_119' title='bbox 325 2279 385 2344; x_wconf 88' lang='lat' dir='ltr'>pro</span> <span class='ocrx_word' id='word_1_120' title='bbox 420 2265 512 2325; x_wconf 88' lang='lat' dir='ltr'>oerto</span> <span class='ocrx_word' id='word_1_121' title='bbox 545 2260 644 2347; x_wconf 91' lang='lat' dir='ltr'>ponit</span> <span class='ocrx_word' id='word_1_122' title='bbox 666 2259 810 2346; x_wconf 84' lang='lat' dir='ltr'>oollegia</span> <span class='ocrx_word' id='word_1_123' title='bbox 834 2259 1031 2326; x_wconf 89' lang='lat' dir='ltr'>tenuiorum</span> <span class='ocrx_word' id='word_1_124' title='bbox 1054 2259 1156 2326; x_wconf 87' lang='lat' dir='ltr'>fuisse</span> <span class='ocrx_word' id='word_1_125' title='bbox 1180 2258 1248 2326; x_wconf 89' lang='lat' dir='ltr'>ool·</span> 
     </span>
     <span class='ocr_line' id='line_1_17' title="bbox 79 2369 692 2460; baseline 0.008 -25"><span class='ocrx_word' id='word_1_126' title='bbox 79 2369 166 2456; x_wconf 85' lang='lat' dir='ltr'>legia</span> <span class='ocrx_word' id='word_1_127' title='bbox 187 2371 399 2454; x_wconf 83' lang='lat' dir='ltr'>funeratioia,</span> <span class='ocrx_word' id='word_1_128' title='bbox 423 2373 511 2439; x_wconf 92' lang='lat' dir='ltr'>nihil</span> <span class='ocrx_word' id='word_1_129' title='bbox 535 2372 641 2440; x_wconf 90' lang='lat' dir='ltr'>aliud.</span> <span class='ocrx_word' id='word_1_130' title='bbox 665 2373 692 2460; x_wconf 78' lang='lat'>²)</span> 
     </span>
    </p>
   </div>
   <div class='ocr_carea' id='block_1_3' title="bbox 81 2614 1248 2858">
    <p class='ocr_par' dir='ltr' id='par_1_3' title="bbox 81 2614 1248 2858">
     <span class='ocr_line' id='line_1_18' title="bbox 113 2614 1248 2681; baseline 0.002 -18"><span class='ocrx_word' id='word_1_131' title='bbox 113 2616 131 2676; x_wconf 89' lang='lat'>¹)</span> <span class='ocrx_word' id='word_1_132' title='bbox 165 2615 231 2664; x_wconf 90' lang='lat' dir='ltr'>Idem</span> <span class='ocrx_word' id='word_1_133' title='bbox 249 2615 374 2664; x_wconf 87' lang='lat' dir='ltr'>dioendum</span> <span class='ocrx_word' id='word_1_134' title='bbox 392 2620 427 2665; x_wconf 90' lang='lat' dir='ltr'>est</span> <span class='ocrx_word' id='word_1_135' title='bbox 443 2615 472 2665; x_wconf 88' lang='lat' dir='ltr'>de</span> <span class='ocrx_word' id='word_1_136' title='bbox 489 2616 560 2665; x_wconf 92' lang='lat' dir='ltr'>titulo</span> <span class='ocrx_word' id='word_1_137' title='bbox 577 2616 679 2681; x_wconf 85' lang='lat' dir='ltr'>quodam</span> <span class='ocrx_word' id='word_1_138' title='bbox 696 2615 820 2681; x_wconf 82' lang='lat' dir='ltr'>Hierapoli</span> <span class='ocrx_word' id='word_1_139' title='bbox 839 2618 937 2680; x_wconf 87' lang='lat' dir='ltr'>reperto,</span> <span class='ocrx_word' id='word_1_140' title='bbox 955 2615 983 2663; x_wconf 87' lang='lat' dir='ltr'>de</span> <span class='ocrx_word' id='word_1_141' title='bbox 1000 2631 1046 2679; x_wconf 88' lang='lat' dir='ltr'>quo</span> <span class='ocrx_word' id='word_1_142' title='bbox 1064 2614 1182 2679; x_wconf 77' lang='lat' dir='ltr'>Waltsiug</span> <span class='ocrx_word' id='word_1_143' title='bbox 1198 2614 1216 2664; x_wconf 96' lang='lat' dir='ltr'>l.</span> <span class='ocrx_word' id='word_1_144' title='bbox 1230 2615 1248 2666; x_wconf 96' lang='lat' dir='ltr'>l.</span> 
     </span>
     <span class='ocr_line' id='line_1_19' title="bbox 81 2695 1248 2776; baseline 0.003 -20"><span class='ocrx_word' id='word_1_145' title='bbox 81 2723 128 2772; x_wconf 81' lang='lat' dir='ltr'>pag.</span> <span class='ocrx_word' id='word_1_146' title='bbox 149 2709 196 2757; x_wconf 86' lang='grc'>184</span> <span class='ocrx_word' id='word_1_147' title='bbox 213 2710 267 2758; x_wconf 85' lang='lat' dir='ltr'>adn.</span> <span class='ocrx_word' id='word_1_148' title='bbox 287 2711 316 2758; x_wconf 66' lang='lat'>52</span> <span class='ocrx_word' id='word_1_149' title='bbox 336 2712 373 2774; x_wconf 80' lang='lat' dir='ltr'>,A</span> <span class='ocrx_word' id='word_1_150' title='bbox 390 2709 533 2776; x_wconf 71' lang='lat' dir='ltr'>Hierapolis,</span> <span class='ocrx_word' id='word_1_151' title='bbox 555 2727 583 2760; x_wconf 89' lang='lat' dir='ltr'>en</span> <span class='ocrx_word' id='word_1_152' title='bbox 602 2711 712 2776; x_wconf 82' lang='lat' dir='ltr'>Phrygis,</span> <span class='ocrx_word' id='word_1_153' title='bbox 729 2728 759 2759; x_wconf 87' lang='lat' dir='ltr'>on</span> <span class='ocrx_word' id='word_1_154' title='bbox 777 2713 858 2759; x_wconf 80' lang='lat' dir='ltr'>trouve</span> <span class='ocrx_word' id='word_1_155' title='bbox 868 2726 914 2758; x_wconf 89' lang='lat' dir='ltr'>une</span> <span class='ocrx_word' id='word_1_156' title='bbox 922 2695 1048 2772; x_wconf 71' lang='grc' dir='ltr'><em>ἐργασία</em></span> <span class='ocrx_word' id='word_1_157' title='bbox 1063 2700 1248 2774; x_wconf 68' lang='grc' dir='ltr'><strong><em>θρεμματὶκή</em></strong></span> 
     </span>
     <span class='ocr_line' id='line_1_20' title="bbox 81 2792 1248 2858; baseline 0.004 -20"><span class='ocrx_word' id='word_1_158' title='bbox 81 2807 103 2838; x_wconf 86' lang='lat' dir='ltr'>se</span> <span class='ocrx_word' id='word_1_159' title='bbox 120 2793 249 2841; x_wconf 86' lang='lat' dir='ltr'>rattaohant</span> <span class='ocrx_word' id='word_1_160' title='bbox 265 2809 294 2840; x_wconf 90' lang='lat' dir='ltr'>au</span> <span class='ocrx_word' id='word_1_161' title='bbox 307 2792 396 2856; x_wconf 74' lang='lat' dir='ltr'>college</span> <span class='ocrx_word' id='word_1_162' title='bbox 413 2793 452 2842; x_wconf 89' lang='lat' dir='ltr'>dea</span> <span class='ocrx_word' id='word_1_163' title='bbox 469 2794 605 2843; x_wconf 85' lang='lat' dir='ltr'>teinturiara</span> <span class='ocrx_word' id='word_1_164' title='bbox 623 2810 651 2842; x_wconf 90' lang='lat' dir='ltr'>en</span> <span class='ocrx_word' id='word_1_165' title='bbox 669 2809 770 2858; x_wconf 88' lang='lat' dir='ltr'>pourpre</span> <span class='ocrx_word' id='word_1_166' title='bbox 787 2793 908 2855; x_wconf 76' lang='lat' dir='ltr'>(Rausau,</span> <span class='ocrx_word' id='word_1_167' title='bbox 926 2793 981 2842; x_wconf 81' lang='lat' dir='ltr'>Itev.</span> <span class='ocrx_word' id='word_1_168' title='bbox 991 2793 1064 2849; x_wconf 77' lang='lat' dir='ltr'>arch..</span> <span class='ocrx_word' id='word_1_169' title='bbox 1076 2793 1148 2851; x_wconf 80' lang='grc'><strong>1887,</strong></span> <span class='ocrx_word' id='word_1_170' title='bbox 1157 2810 1180 2857; x_wconf 95' lang='lat' dir='ltr'>p.</span> <span class='ocrx_word' id='word_1_171' title='bbox 1191 2794 1248 2845; x_wconf 83' lang='grc'>854.</span> 
     </span>
    </p>
   </div>
   <div class='ocr_carea' id='block_1_4' title="bbox 81 2875 1250 3024">
    <p class='ocr_par' dir='ltr' id='par_1_4' title="bbox 81 2875 1250 3024">
     <span class='ocr_line' id='line_1_21' title="bbox 81 2875 1249 2942; baseline 0.004 -20"><span class='ocrx_word' id='word_1_172' title='bbox 81 2875 166 2934; x_wconf 75' lang='lat' dir='ltr'>Lesas,</span> <span class='ocrx_word' id='word_1_173' title='bbox 186 2876 267 2937; x_wconf 84' lang='grc'><strong>1087).</strong></span> <span class='ocrx_word' id='word_1_174' title='bbox 302 2876 335 2924; x_wconf 84' lang='lat' dir='ltr'>Ca</span> <span class='ocrx_word' id='word_1_175' title='bbox 352 2877 428 2931; x_wconf 82' lang='lat' dir='ltr'>serait,</span> <span class='ocrx_word' id='word_1_176' title='bbox 445 2876 510 2925; x_wconf 87' lang='lat' dir='ltr'>selon</span> <span class='ocrx_word' id='word_1_177' title='bbox 528 2879 557 2926; x_wconf 81' lang='lat' dir='ltr'>A.</span> <span class='ocrx_word' id='word_1_178' title='bbox 575 2877 707 2926; x_wconf 71' lang='lat' dir='ltr'>Waosrraa</span> <span class='ocrx_word' id='word_1_179' title='bbox 724 2877 793 2938; x_wconf 84' lang='lat' dir='ltr'>(Rev.</span> <span class='ocrx_word' id='word_1_180' title='bbox 811 2875 842 2925; x_wconf 84' lang='lat' dir='ltr'>de</span> <span class='ocrx_word' id='word_1_181' title='bbox 858 2876 952 2925; x_wconf 79' lang='lat' dir='ltr'>I’Instr.</span> <span class='ocrx_word' id='word_1_182' title='bbox 966 2877 1031 2942; x_wconf 78' lang='lat' dir='ltr'>publ.</span> <span class='ocrx_word' id='word_1_183' title='bbox 1049 2875 1165 2940; x_wconf 70' lang='lat' dir='ltr'>enBely,</span> <span class='ocrx_word' id='word_1_184' title='bbox 1175 2877 1249 2937; x_wconf 81' lang='grc'><strong>1808,</strong></span> 
     </span>
     <span class='ocr_line' id='line_1_22' title="bbox 81 2959 1250 3024; baseline 0.005 -18"><span class='ocrx_word' id='word_1_185' title='bbox 81 2973 103 3020; x_wconf 91' lang='lat' dir='ltr'>p.</span> <span class='ocrx_word' id='word_1_186' title='bbox 121 2959 143 3006; x_wconf 90' lang='grc'>8.</span> <span class='ocrx_word' id='word_1_187' title='bbox 162 2959 227 3008; x_wconf 85' lang='lat' dir='ltr'>BuII.</span> <span class='ocrx_word' id='word_1_188' title='bbox 246 2959 276 3007; x_wconf 80' lang='lat' dir='ltr'>de</span> <span class='ocrx_word' id='word_1_189' title='bbox 292 2959 387 3008; x_wconf 82' lang='lat' dir='ltr'>l’Aead.</span> <span class='ocrx_word' id='word_1_190' title='bbox 406 2977 455 3023; x_wconf 74' lang='lat' dir='ltr'>roy.</span> <span class='ocrx_word' id='word_1_191' title='bbox 476 2960 508 3009; x_wconf 83' lang='lat' dir='ltr'>de</span> <span class='ocrx_word' id='word_1_192' title='bbox 527 2960 602 3024; x_wconf 70' lang='lat' dir='ltr'>Belp„</span> <span class='ocrx_word' id='word_1_193' title='bbox 621 2961 667 3009; x_wconf 90' lang='lat' dir='ltr'>mai</span> <span class='ocrx_word' id='word_1_194' title='bbox 687 2960 758 3019; x_wconf 85' lang='grc'><strong>1889,</strong></span> <span class='ocrx_word' id='word_1_195' title='bbox 772 2976 795 3024; x_wconf 95' lang='lat' dir='ltr'>p.</span> <span class='ocrx_word' id='word_1_196' title='bbox 813 2959 879 3021; x_wconf 87' lang='grc'>414),</span> <span class='ocrx_word' id='word_1_197' title='bbox 897 2975 943 3008; x_wconf 91' lang='lat' dir='ltr'>une</span> <span class='ocrx_word' id='word_1_198' title='bbox 959 2959 1105 3024; x_wconf 80' lang='lat' dir='ltr'>oorpomtion</span> <span class='ocrx_word' id='word_1_199' title='bbox 1123 2960 1151 3008; x_wconf 89' lang='lat' dir='ltr'>de</span> <span class='ocrx_word' id='word_1_200' title='bbox 1165 2959 1250 3022; x_wconf 81' lang='lat' dir='ltr'>jeunes</span> 
     </span>
    </p>
   </div>
   <div class='ocr_carea' id='block_1_5' title="bbox 11 3041 1253 4284">
    <p class='ocr_par' dir='ltr' id='par_1_5' title="bbox 11 3041 1252 3534">
     <span class='ocr_line' id='line_1_23' title="bbox 82 3041 1250 3119; baseline 0.004 -20"><span class='ocrx_word' id='word_1_201' title='bbox 82 3053 190 3110; x_wconf 87' lang='lat' dir='ltr'>ouvriers,</span> <span class='ocrx_word' id='word_1_202' title='bbox 210 3069 241 3102; x_wconf 90' lang='lat' dir='ltr'>un</span> <span class='ocrx_word' id='word_1_203' title='bbox 259 3052 341 3102; x_wconf 88' lang='lat' dir='ltr'>atelier</span> <span class='ocrx_word' id='word_1_204' title='bbox 357 3053 555 3119; x_wconf 79' lang='lat' dir='ltr'>d’apprentissage</span> <span class='ocrx_word' id='word_1_205' title='bbox 572 3070 632 3119; x_wconf 88' lang='lat' dir='ltr'>pour</span> <span class='ocrx_word' id='word_1_206' title='bbox 649 3055 684 3104; x_wconf 88' lang='lat' dir='ltr'>las</span> <span class='ocrx_word' id='word_1_207' title='bbox 701 3055 793 3103; x_wconf 87' lang='lat' dir='ltr'>enlants</span> <span class='ocrx_word' id='word_1_208' title='bbox 810 3069 916 3118; x_wconf 78' lang='lat' dir='ltr'>pauvres.</span> <span class='ocrx_word' id='word_1_209' title='bbox 937 3054 981 3102; x_wconf 90' lang='lat' dir='ltr'>Sur</span> <span class='ocrx_word' id='word_1_210' title='bbox 998 3041 1156 3118; x_wconf 68' lang='grc' dir='ltr'>θρέμματα</span> <span class='ocrx_word' id='word_1_211' title='bbox 1173 3054 1250 3119; x_wconf 77' lang='lat' dir='ltr'>(infe-</span> 
     </span>
     <span class='ocr_line' id='line_1_24' title="bbox 82 3135 1251 3203; baseline 0.007 -23"><span class='ocrx_word' id='word_1_212' title='bbox 82 3135 151 3184; x_wconf 70' lang='lat' dir='ltr'>rioris</span> <span class='ocrx_word' id='word_1_213' title='bbox 167 3137 314 3186; x_wconf 72' lang='lat' dir='ltr'>conditionis</span> <span class='ocrx_word' id='word_1_214' title='bbox 330 3137 421 3197; x_wconf 83' lang='lat' dir='ltr'>liberi),</span> <span class='ocrx_word' id='word_1_215' title='bbox 439 3153 510 3201; x_wconf 79' lang='lat' dir='ltr'>reyes</span> <span class='ocrx_word' id='word_1_216' title='bbox 527 3138 638 3196; x_wconf 80' lang='grc' dir='ltr'><strong>Βοιιοιιιι,</strong></span> <span class='ocrx_word' id='word_1_217' title='bbox 659 3137 683 3185; x_wconf 81' lang='lat' dir='ltr'>O.</span> <span class='ocrx_word' id='word_1_218' title='bbox 702 3137 724 3186; x_wconf 92' lang='lat' dir='ltr'>I.</span> <span class='ocrx_word' id='word_1_219' title='bbox 744 3137 793 3195; x_wconf 79' lang='lat' dir='ltr'>Gr,</span> <span class='ocrx_word' id='word_1_220' title='bbox 811 3137 845 3186; x_wconf 82' lang='lat' dir='ltr'>ad</span> <span class='ocrx_word' id='word_1_221' title='bbox 860 3153 882 3186; x_wconf 84' lang='lat' dir='ltr'>n.</span> <span class='ocrx_word' id='word_1_222' title='bbox 903 3137 975 3186; x_wconf 83' lang='grc'><strong>8818.</strong></span> <span class='ocrx_word' id='word_1_223' title='bbox 1011 3137 1251 3203; x_wconf 82' lang='lat' dir='ltr'>Oupourraityvoir</span> 
     </span>
     <span class='ocr_line' id='line_1_25' title="bbox 84 3219 1250 3284; baseline 0.004 -19"><span class='ocrx_word' id='word_1_224' title='bbox 84 3233 127 3266; x_wconf 88' lang='lat' dir='ltr'>une</span> <span class='ocrx_word' id='word_1_225' title='bbox 150 3219 287 3268; x_wconf 85' lang='lat' dir='ltr'>institution</span> <span class='ocrx_word' id='word_1_226' title='bbox 313 3220 341 3268; x_wconf 91' lang='lat' dir='ltr'>de</span> <span class='ocrx_word' id='word_1_227' title='bbox 358 3219 531 3278; x_wconf 86' lang='lat' dir='ltr'>bieniaisauoe;</span> <span class='ocrx_word' id='word_1_228' title='bbox 548 3237 578 3268; x_wconf 88' lang='lat' dir='ltr'>eu</span> <span class='ocrx_word' id='word_1_229' title='bbox 595 3223 648 3268; x_wconf 87' lang='lat' dir='ltr'>tous</span> <span class='ocrx_word' id='word_1_230' title='bbox 665 3235 710 3278; x_wconf 86' lang='lat' dir='ltr'>eas,</span> <span class='ocrx_word' id='word_1_231' title='bbox 727 3219 746 3268; x_wconf 92' lang='lat' dir='ltr'>il</span> <span class='ocrx_word' id='word_1_232' title='bbox 764 3219 833 3284; x_wconf 78' lang='lat' dir='ltr'>s&#39;agit</span> <span class='ocrx_word' id='word_1_233' title='bbox 850 3220 920 3268; x_wconf 88' lang='lat' dir='ltr'>d‘une</span> <span class='ocrx_word' id='word_1_234' title='bbox 937 3219 1097 3284; x_wconf 60' lang='lat' dir='ltr'>particularia}</span> <span class='ocrx_word' id='word_1_235' title='bbox 1113 3237 1204 3270; x_wconf 80' lang='lat' dir='ltr'>nomme</span> <span class='ocrx_word' id='word_1_236' title='bbox 1220 3237 1250 3269; x_wconf 79' lang='lat' dir='ltr'>sn</span> 
     </span>
     <span class='ocr_line' id='line_1_26' title="bbox 83 3299 1251 3368; baseline 0.003 -19"><span class='ocrx_word' id='word_1_237' title='bbox 83 3299 214 3362; x_wconf 77' lang='lat' dir='ltr'>presentent</span> <span class='ocrx_word' id='word_1_238' title='bbox 235 3301 270 3350; x_wconf 89' lang='lat' dir='ltr'>les</span> <span class='ocrx_word' id='word_1_239' title='bbox 287 3303 387 3366; x_wconf 74' lang='lat' dir='ltr'>eollegsa</span> <span class='ocrx_word' id='word_1_240' title='bbox 404 3303 433 3351; x_wconf 87' lang='lat' dir='ltr'>de</span> <span class='ocrx_word' id='word_1_241' title='bbox 450 3302 524 3351; x_wconf 83' lang='lat' dir='ltr'>l&#39;Asie</span> <span class='ocrx_word' id='word_1_242' title='bbox 541 3303 660 3360; x_wconf 89' lang='lat' dir='ltr'>Mineure,</span> <span class='ocrx_word' id='word_1_243' title='bbox 678 3307 700 3351; x_wconf 89' lang='lat' dir='ltr'>et</span> <span class='ocrx_word' id='word_1_244' title='bbox 718 3301 766 3350; x_wconf 91' lang='lat' dir='ltr'>l&#39;on</span> <span class='ocrx_word' id='word_1_245' title='bbox 784 3319 814 3350; x_wconf 89' lang='lat' dir='ltr'>ne</span> <span class='ocrx_word' id='word_1_246' title='bbox 829 3306 885 3366; x_wconf 85' lang='lat' dir='ltr'>peut</span> <span class='ocrx_word' id='word_1_247' title='bbox 902 3303 953 3352; x_wconf 90' lang='lat' dir='ltr'>rien</span> <span class='ocrx_word' id='word_1_248' title='bbox 970 3320 999 3352; x_wconf 90' lang='lat' dir='ltr'>en</span> <span class='ocrx_word' id='word_1_249' title='bbox 1017 3304 1127 3354; x_wconf 86' lang='lat' dir='ltr'>oonolure</span> <span class='ocrx_word' id='word_1_250' title='bbox 1143 3320 1203 3368; x_wconf 90' lang='lat' dir='ltr'>pour</span> <span class='ocrx_word' id='word_1_251' title='bbox 1217 3303 1251 3352; x_wconf 90' lang='lat' dir='ltr'>les</span> 
     </span>
     <span class='ocr_line' id='line_1_27' title="bbox 11 3383 1252 3456; baseline 0.002 -24"><span class='ocrx_word' id='word_1_252' title='bbox 11 3425 13 3456; x_wconf 59' lang='lat'>,</span> <span class='ocrx_word' id='word_1_253' title='bbox 84 3383 179 3448; x_wconf 71' lang='lat' dir='ltr'>alleges</span> <span class='ocrx_word' id='word_1_254' title='bbox 196 3385 300 3434; x_wconf 89' lang='lat' dir='ltr'>romains</span> <span class='ocrx_word' id='word_1_255' title='bbox 318 3401 347 3434; x_wconf 88' lang='lat' dir='ltr'>en</span> <span class='ocrx_word' id='word_1_256' title='bbox 364 3385 482 3450; x_wconf 63' lang='lat' dir='ltr'>genimlss’</span> <span class='ocrx_word' id='word_1_257' title='bbox 500 3385 537 3434; x_wconf 83' lang='lat' dir='ltr'>cf.</span> <span class='ocrx_word' id='word_1_258' title='bbox 554 3386 624 3434; x_wconf 89' lang='lat' dir='ltr'>etiam</span> <span class='ocrx_word' id='word_1_259' title='bbox 642 3401 694 3450; x_wconf 78' lang='lat' dir='ltr'>pag.</span> <span class='ocrx_word' id='word_1_260' title='bbox 712 3385 760 3437; x_wconf 84' lang='grc'>307</span> <span class='ocrx_word' id='word_1_261' title='bbox 779 3389 801 3434; x_wconf 84' lang='lat' dir='ltr'>at</span> <span class='ocrx_word' id='word_1_262' title='bbox 818 3385 856 3434; x_wconf 93' lang='lat' dir='ltr'>III</span> <span class='ocrx_word' id='word_1_263' title='bbox 874 3401 926 3450; x_wconf 78' lang='lat' dir='ltr'>pag.</span> <span class='ocrx_word' id='word_1_264' title='bbox 943 3386 976 3436; x_wconf 87' lang='grc'>40</span> <span class='ocrx_word' id='word_1_265' title='bbox 994 3403 1050 3451; x_wconf 68' lang='lat' dir='ltr'>seq„</span> <span class='ocrx_word' id='word_1_266' title='bbox 1068 3386 1109 3436; x_wconf 91' lang='lat' dir='ltr'>ubi</span> <span class='ocrx_word' id='word_1_267' title='bbox 1122 3386 1252 3436; x_wconf 87' lang='lat' dir='ltr'>titulusest</span> 
     </span>
     <span class='ocr_line' id='line_1_28' title="bbox 11 3465 932 3534; baseline 0.005 -22"><span class='ocrx_word' id='word_1_268' title='bbox 11 3529 12 3534; x_wconf 12' lang='grc'>1</span> <span class='ocrx_word' id='word_1_269' title='bbox 83 3465 217 3532; x_wconf 84' lang='lat' dir='ltr'>descriptus.</span> <span class='ocrx_word' id='word_1_270' title='bbox 929 3483 932 3488; x_wconf 90' lang='lat'>·</span> 
     </span>
    </p>

    <p class='ocr_par' dir='ltr' id='par_1_6' title="bbox 11 3535 1251 3933">
     <span class='ocr_line' id='line_1_29' title="bbox 115 3549 1251 3616; baseline -0.001 -16.084"><span class='ocrx_word' id='word_1_271' title='bbox 115 3549 134 3611; x_wconf 72' lang='lat'>²)</span> <span class='ocrx_word' id='word_1_272' title='bbox 167 3552 274 3600; x_wconf 83' lang='lat' dir='ltr'>Fortasse</span> <span class='ocrx_word' id='word_1_273' title='bbox 291 3552 462 3616; x_wconf 87' lang='lat' dir='ltr'>quodammodo</span> <span class='ocrx_word' id='word_1_274' title='bbox 479 3551 615 3616; x_wconf 75' lang='lat' dir='ltr'>excipienda</span> <span class='ocrx_word' id='word_1_275' title='bbox 632 3556 688 3600; x_wconf 89' lang='lat' dir='ltr'>sunt</span> <span class='ocrx_word' id='word_1_276' title='bbox 705 3551 818 3600; x_wconf 88' lang='lat' dir='ltr'>militaria</span> <span class='ocrx_word' id='word_1_277' title='bbox 834 3552 947 3616; x_wconf 87' lang='lat' dir='ltr'>quaedam</span> <span class='ocrx_word' id='word_1_278' title='bbox 956 3551 1251 3616; x_wconf 81' lang='lat' dir='ltr'>oollegiaLsrnboesitana‚</span> 
     </span>
     <span class='ocr_line' id='line_1_30' title="bbox 85 3632 1250 3700; baseline 0.003 -21"><span class='ocrx_word' id='word_1_279' title='bbox 85 3632 200 3686; x_wconf 82' lang='lat' dir='ltr'>luneraria</span> <span class='ocrx_word' id='word_1_280' title='bbox 217 3639 241 3683; x_wconf 92' lang='lat' dir='ltr'>et</span> <span class='ocrx_word' id='word_1_281' title='bbox 257 3635 316 3700; x_wconf 84' lang='lat' dir='ltr'>ipsa,</span> <span class='ocrx_word' id='word_1_282' title='bbox 334 3634 426 3697; x_wconf 88' lang='lat' dir='ltr'>(titulos</span> <span class='ocrx_word' id='word_1_283' title='bbox 443 3633 565 3684; x_wconf 86' lang='lat' dir='ltr'>Lambaesi</span> <span class='ocrx_word' id='word_1_284' title='bbox 583 3639 686 3699; x_wconf 89' lang='lat' dir='ltr'>repertos</span> <span class='ocrx_word' id='word_1_285' title='bbox 704 3634 758 3683; x_wconf 90' lang='lat' dir='ltr'>vide</span> <span class='ocrx_word' id='word_1_286' title='bbox 775 3634 802 3682; x_wconf 87' lang='lat' dir='ltr'>O.</span> <span class='ocrx_word' id='word_1_287' title='bbox 819 3635 839 3682; x_wconf 92' lang='lat'>1.</span> <span class='ocrx_word' id='word_1_288' title='bbox 857 3633 884 3682; x_wconf 86' lang='lat' dir='ltr'>L.</span> <span class='ocrx_word' id='word_1_289' title='bbox 902 3634 969 3692; x_wconf 92' lang='lat' dir='ltr'>VIII,</span> <span class='ocrx_word' id='word_1_290' title='bbox 986 3635 1051 3687; x_wconf 77' lang='lat'><strong>2527</strong></span> <span class='ocrx_word' id='word_1_291' title='bbox 1070 3651 1133 3699; x_wconf 85' lang='lat' dir='ltr'>seqq.</span> <span class='ocrx_word' id='word_1_292' title='bbox 1143 3655 1150 3692; x_wconf 85' lang='lat'>;</span> <span class='ocrx_word' id='word_1_293' title='bbox 1162 3634 1250 3682; x_wconf 88' lang='lat' dir='ltr'>addita·</span> 
     </span>
     <span class='ocr_line' id='line_1_31' title="bbox 87 3715 1251 3782; baseline 0.003 -20"><span class='ocrx_word' id='word_1_294' title='bbox 87 3721 161 3764; x_wconf 86' lang='lat' dir='ltr'>menta</span> <span class='ocrx_word' id='word_1_295' title='bbox 177 3718 236 3766; x_wconf 89' lang='lat' dir='ltr'>ibid.</span> <span class='ocrx_word' id='word_1_296' title='bbox 254 3734 307 3781; x_wconf 82' lang='lat' dir='ltr'>pag.</span> <span class='ocrx_word' id='word_1_297' title='bbox 325 3719 374 3766; x_wconf 80' lang='lat'>954</span> <span class='ocrx_word' id='word_1_298' title='bbox 392 3734 455 3782; x_wconf 89' lang='lat' dir='ltr'>seq.;</span> <span class='ocrx_word' id='word_1_299' title='bbox 473 3717 637 3782; x_wconf 88' lang='lat' dir='ltr'>supplementa</span> <span class='ocrx_word' id='word_1_300' title='bbox 656 3717 736 3766; x_wconf 86' lang='grc'>18080</span> <span class='ocrx_word' id='word_1_301' title='bbox 754 3733 834 3781; x_wconf 76' lang='lat' dir='ltr'>seqq,</span> <span class='ocrx_word' id='word_1_302' title='bbox 852 3717 881 3764; x_wconf 86' lang='lat' dir='ltr'>ol.</span> <span class='ocrx_word' id='word_1_303' title='bbox 900 3715 970 3764; x_wconf 89' lang='lat' dir='ltr'>etiam</span> <span class='ocrx_word' id='word_1_304' title='bbox 987 3715 1114 3764; x_wconf 86' lang='lat' dir='ltr'>Liebenam</span> <span class='ocrx_word' id='word_1_305' title='bbox 1131 3715 1148 3765; x_wconf 94' lang='lat' dir='ltr'>l.</span> <span class='ocrx_word' id='word_1_306' title='bbox 1161 3715 1178 3765; x_wconf 93' lang='lat' dir='ltr'>l.</span> <span class='ocrx_word' id='word_1_307' title='bbox 1198 3732 1251 3780; x_wconf 81' lang='lat' dir='ltr'>pag.</span> 
     </span>
     <span class='ocr_line' id='line_1_32' title="bbox 89 3796 1251 3865; baseline 0.002 -21"><span class='ocrx_word' id='word_1_308' title='bbox 89 3796 134 3846; x_wconf 88' lang='grc'>300</span> <span class='ocrx_word' id='word_1_309' title='bbox 159 3803 232 3865; x_wconf 83' lang='lat' dir='ltr'>seqq.)</span> <span class='ocrx_word' id='word_1_310' title='bbox 257 3816 358 3865; x_wconf 89' lang='lat' dir='ltr'>quorum</span> <span class='ocrx_word' id='word_1_311' title='bbox 381 3800 438 3848; x_wconf 88' lang='lat' dir='ltr'>sooii</span> <span class='ocrx_word' id='word_1_312' title='bbox 456 3803 482 3848; x_wconf 89' lang='lat' dir='ltr'>ln</span> <span class='ocrx_word' id='word_1_313' title='bbox 499 3799 589 3849; x_wconf 80' lang='lat' dir='ltr'>militis</span> <span class='ocrx_word' id='word_1_314' title='bbox 606 3816 661 3849; x_wconf 91' lang='lat' dir='ltr'>sane</span> <span class='ocrx_word' id='word_1_315' title='bbox 678 3827 710 3836; x_wconf 93' lang='lat'>-</span> <span class='ocrx_word' id='word_1_316' title='bbox 728 3799 798 3864; x_wconf 88' lang='lat' dir='ltr'>plura</span> <span class='ocrx_word' id='word_1_317' title='bbox 814 3798 902 3847; x_wconf 87' lang='lat' dir='ltr'>effioere</span> <span class='ocrx_word' id='word_1_318' title='bbox 919 3814 967 3847; x_wconf 90' lang='lat' dir='ltr'>non</span> <span class='ocrx_word' id='word_1_319' title='bbox 985 3797 1041 3847; x_wconf 85' lang='lat' dir='ltr'>lieet</span> <span class='ocrx_word' id='word_1_320' title='bbox 1058 3825 1090 3834; x_wconf 85' lang='lat'>—</span> <span class='ocrx_word' id='word_1_321' title='bbox 1107 3814 1132 3846; x_wconf 86' lang='lat' dir='ltr'>se</span> <span class='ocrx_word' id='word_1_322' title='bbox 1148 3798 1251 3846; x_wconf 83' lang='lat' dir='ltr'>invioem</span> 
     </span>
     <span class='ocr_line' id='line_1_33' title="bbox 88 3880 352 3933; baseline 0.023 -7"><span class='ocrx_word' id='word_1_323' title='bbox 88 3880 194 3932; x_wconf 87' lang='lat' dir='ltr'>videntur</span> <span class='ocrx_word' id='word_1_324' title='bbox 211 3882 352 3933; x_wconf 79' lang='lat' dir='ltr'>sublevasse.</span> 
     </span>
    </p>

    <p class='ocr_par' dir='ltr' id='par_1_7' title="bbox 91 3962 1253 4284">
     <span class='ocr_line' id='line_1_34' title="bbox 118 3962 1252 4031; baseline -0.001 -18"><span class='ocrx_word' id='word_1_325' title='bbox 118 3964 151 4013; x_wconf 90' lang='lat' dir='ltr'>De</span> <span class='ocrx_word' id='word_1_326' title='bbox 175 3965 239 4015; x_wconf 84' lang='lat' dir='ltr'>hisee</span> <span class='ocrx_word' id='word_1_327' title='bbox 265 3967 376 4016; x_wconf 87' lang='lat' dir='ltr'>omnibus</span> <span class='ocrx_word' id='word_1_328' title='bbox 401 3966 493 4030; x_wconf 81' lang='lat' dir='ltr'>legatur</span> <span class='ocrx_word' id='word_1_329' title='bbox 517 3969 616 4031; x_wconf 78' lang='lat' dir='ltr'>(praeter</span> <span class='ocrx_word' id='word_1_330' title='bbox 641 3966 705 4015; x_wconf 89' lang='lat' dir='ltr'>viros</span> <span class='ocrx_word' id='word_1_331' title='bbox 730 3967 809 4014; x_wconf 89' lang='lat' dir='ltr'>dootos</span> <span class='ocrx_word' id='word_1_332' title='bbox 832 3965 901 4014; x_wconf 89' lang='lat' dir='ltr'>modo</span> <span class='ocrx_word' id='word_1_333' title='bbox 918 3963 1002 4013; x_wconf 86' lang='lat' dir='ltr'>allatos</span> <span class='ocrx_word' id='word_1_334' title='bbox 1018 3979 1070 4029; x_wconf 76' lang='lat' dir='ltr'>pag.</span> <span class='ocrx_word' id='word_1_335' title='bbox 1089 3962 1138 4016; x_wconf 77' lang='lat'>270</span> <span class='ocrx_word' id='word_1_336' title='bbox 1155 3963 1208 4012; x_wconf 85' lang='lat' dir='ltr'>adn.</span> <span class='ocrx_word' id='word_1_337' title='bbox 1228 3963 1252 4026; x_wconf 90' lang='lat'>1)</span> 
     </span>
     <span class='ocr_line' id='line_1_35' title="bbox 91 4045 1252 4114; baseline 0.003 -21"><span class='ocrx_word' id='word_1_338' title='bbox 91 4045 204 4113; x_wconf 83' lang='lat' dir='ltr'>Waltzing</span> <span class='ocrx_word' id='word_1_339' title='bbox 232 4067 253 4098; x_wconf 94' lang='lat' dir='ltr'>o.</span> <span class='ocrx_word' id='word_1_340' title='bbox 271 4049 288 4100; x_wconf 91' lang='lat' dir='ltr'>l.</span> <span class='ocrx_word' id='word_1_341' title='bbox 306 4051 319 4098; x_wconf 96' lang='lat' dir='ltr'>I</span> <span class='ocrx_word' id='word_1_342' title='bbox 336 4067 387 4114; x_wconf 82' lang='lat' dir='ltr'>pag.</span> <span class='ocrx_word' id='word_1_343' title='bbox 407 4049 740 4114; x_wconf 64' lang='lat' dir='ltr'>antiqq.;1d.neseorp</span> <span class='ocrx_word' id='word_1_344' title='bbox 765 4063 824 4098; x_wconf 85' lang='lat' dir='ltr'>rom.</span> <span class='ocrx_word' id='word_1_345' title='bbox 843 4052 866 4097; x_wconf 90' lang='lat' dir='ltr'>et</span> <span class='ocrx_word' id='word_1_346' title='bbox 882 4048 906 4097; x_wconf 95' lang='lat' dir='ltr'>la</span> <span class='ocrx_word' id='word_1_347' title='bbox 923 4045 1011 4097; x_wconf 75' lang='lat' dir='ltr'>charite</span> <span class='ocrx_word' id='word_1_348' title='bbox 1030 4047 1146 4110; x_wconf 81' lang='lat' dir='ltr'>(Louvain</span> <span class='ocrx_word' id='word_1_349' title='bbox 1170 4046 1252 4107; x_wconf 80' lang='grc'><strong>1895).</strong></span> 
     </span>
     <span class='ocr_line' id='line_1_36' title="bbox 93 4128 1253 4196; baseline 0.003 -19"><span class='ocrx_word' id='word_1_350' title='bbox 93 4128 159 4188; x_wconf 86' lang='lat' dir='ltr'>(Ouru</span> <span class='ocrx_word' id='word_1_351' title='bbox 184 4149 211 4180; x_wconf 88' lang='lat' dir='ltr'>eo</span> <span class='ocrx_word' id='word_1_352' title='bbox 236 4133 283 4182; x_wconf 86' lang='lat' dir='ltr'>iam</span> <span class='ocrx_word' id='word_1_353' title='bbox 310 4134 335 4181; x_wconf 91' lang='lat' dir='ltr'>in</span> <span class='ocrx_word' id='word_1_354' title='bbox 361 4133 442 4184; x_wconf 87' lang='lat' dir='ltr'>eadem</span> <span class='ocrx_word' id='word_1_355' title='bbox 468 4132 584 4182; x_wconf 86' lang='lat' dir='ltr'>sententia</span> <span class='ocrx_word' id='word_1_356' title='bbox 607 4134 681 4181; x_wconf 83' lang='lat' dir='ltr'>luerat</span> <span class='ocrx_word' id='word_1_357' title='bbox 698 4131 801 4182; x_wconf 89' lang='lat' dir='ltr'>Boissier</span> <span class='ocrx_word' id='word_1_358' title='bbox 817 4130 894 4194; x_wconf 77' lang='lat' dir='ltr'>Relig.</span> <span class='ocrx_word' id='word_1_359' title='bbox 912 4145 971 4180; x_wconf 89' lang='lat' dir='ltr'>rom.</span> <span class='ocrx_word' id='word_1_360' title='bbox 989 4129 1026 4179; x_wconf 69' lang='grc' dir='ltr'>ΙΙ3</span> <span class='ocrx_word' id='word_1_361' title='bbox 1042 4147 1094 4196; x_wconf 76' lang='lat' dir='ltr'>pag.</span> <span class='ocrx_word' id='word_1_362' title='bbox 1113 4130 1161 4179; x_wconf 83' lang='grc'>808</span> <span class='ocrx_word' id='word_1_363' title='bbox 1179 4131 1253 4193; x_wconf 82' lang='lat' dir='ltr'>seqq.)</span> 
     </span>
     <span class='ocr_line' id='line_1_37' title="bbox 91 4208 1251 4284; baseline -0.004 -16"><span class='ocrx_word' id='word_1_364' title='bbox 91 4208 243 4268; x_wconf 77' lang='lat' dir='ltr'>couterentur</span> <span class='ocrx_word' id='word_1_365' title='bbox 266 4216 337 4270; x_wconf 80' lang='lat' dir='ltr'>stiam</span> <span class='ocrx_word' id='word_1_366' title='bbox 364 4217 423 4268; x_wconf 87' lang='lat' dir='ltr'>duae</span> <span class='ocrx_word' id='word_1_367' title='bbox 448 4216 618 4284; x_wconf 79' lang='lat' dir='ltr'>disputationes</span> <span class='ocrx_word' id='word_1_368' title='bbox 643 4213 795 4280; x_wconf 76' lang='lat' dir='ltr'>inauguratus</span> <span class='ocrx_word' id='word_1_369' title='bbox 820 4219 890 4282; x_wconf 87' lang='lat' dir='ltr'>(quae</span> <span class='ocrx_word' id='word_1_370' title='bbox 916 4214 1045 4278; x_wconf 80' lang='lat' dir='ltr'>dicuntur),</span> <span class='ocrx_word' id='word_1_371' title='bbox 1071 4229 1130 4281; x_wconf 86' lang='lat' dir='ltr'>quas</span> <span class='ocrx_word' id='word_1_372' title='bbox 1146 4211 1251 4281; x_wconf 84' lang='lat' dir='ltr'>pereurri</span> 
     </span>
    </p>
   </div>
   <div class='ocr_carea' id='block_1_6' title="bbox 0 0 1556 5124">
    <p class='ocr_par' dir='ltr' id='par_1_8' title="bbox 0 0 1556 5124">
     <span class='ocr_line' id='line_1_38' title="bbox 0 0 1556 5124; baseline 0 0"><span class='ocrx_word' id='word_1_373' title='bbox 0 0 1556 5124; x_wconf 95' lang='lat' dir='ltr'> </span> 
     </span>
    </p>
   </div>
  </div>
 </body>
</html>
