3084 5128
630 705 695 772 279

167 887 322 954 Mentiris
345 906 504 972 vanoque
529 883 592 951 tibi
618 883 784 950 blandiris
808 883 948 948 honore.

210 1001 288 1066 Non
311 1005 362 1066 est
383 983 577 1086 paupertas,
602 997 735 1079 Nestor,
760 995 887 1063 habere
912 993 1032 1061 nihil.”
1060 993 1085 1082 ι)

124 1113 201 1178 Tac.
226 1111 315 1178 Dial.
340 1113 383 1178 6:

170 1226 283 1312 ,Ipsos
318 1225 402 1312 quin
432 1225 539 1290 immo
574 1223 673 1290 orbos
707 1229 742 1289 et
775 1221 961 1309 locupletes
994 1228 1028 1288 et
1050 1227 1205 1310 potentes

124 1340 238 1407 venire
273 1338 478 1426 plerumque
512 1338 555 1404 ad
597 1339 761 1404 iuvenem
795 1343 829 1402 et
863 1357 1061 1423 pauperem,
1087 1342 1126 1402 ut
1146 1341 1206 1401 aut

122 1473 183 1520 sua
208 1456 268 1518 aut
291 1452 481 1519 amicorum
504 1451 703 1518 discrimina
724 1449 999 1516 commendent.''

123 1566 174 1631 ld.
197 1565 289 1632 Ann.
313 1566 339 1647 Ι,
364 1566 428 1632 75;

170 1679 366 1767 „Propertio
400 1677 510 1746 Celeri
545 1677 715 1765 praetorii,
745 1677 883 1744 veniam
904 1677 1033 1744 ordinis
1057 1676 1100 1744 ob
1124 1700 1206 1766 pau·

123 1799 291 1879 pertatem
314 1793 453 1880 petenti,
478 1792 614 1858 deciens
637 1789 830 1858 sestertium
854 1790 998 1876 largitus
1021 1798 1071 1856 est
1094 1791 1206 1875 (Tibe-

124 1906 239 1993 rius).''
263 1904 291 1993 ’)

124 2019 282 2106 Denique
306 2019 475 2107 Porphyr.
499 2019 541 2085 ad
568 2019 651 2085 Hor.
675 2019 739 2107 Ep.
763 2019 809 2097 II,
834 2020 864 2100 2,
891 2019 975 2084 199:

172 2133 379 2219 ,Paupertas
413 2133 515 2200 etiam
551 2133 712 2199 honestae
748 2132 976 2220 parsimoniae
1006 2151 1132 2198 nomen
1156 2139 1206 2198 est

126 2252 159 2312 et
181 2252 366 2333 usurpatur
388 2247 423 2311 in
448 2247 586 2313 fortuna
608 2245 804 2313 mediocri.''

125 2425 325 2491 Notandum
360 2432 410 2492 est
446 2424 620 2504 vocabula,
656 2446 744 2511 quaa
768 2430 849 2491 sunt
866 2447 990 2512 pauper
1010 2430 1044 2491 et
1063 2433 1247 2513 paupertas,

80 2539 174 2604 haud
198 2561 274 2605 raro
293 2539 462 2626 usurpari,
486 2538 546 2604 ubi
566 2540 679 2624 agitur
702 2539 744 2604 de
768 2539 912 2626 pristino
936 2545 1089 2626 tempore
1105 2545 1139 2606 et
1155 2539 1249 2607 avita

81 2651 232 2738 probitas
265 2652 533 2740 simplicitasque
567 2653 852 2739 intemperantiae
890 2658 1104 2739 posterorum
1147 2674 1250 2740 oppo-

81 2771 222 2832 nuntur.
247 2765 274 2852 8)

126 2879 231 2966 Apud
254 2880 338 2947 iuris
360 2879 531 2946 consultos
550 2902 673 2967 pauper
694 2878 773 2945 inde
797 2901 818 2944 a
839 2879 938 2945 tertio
950 2901 984 2965 p.
997 2879 1077 2946 Ohr.
1091 2902 1125 2944 n.
1138 2901 1249 2947 saecu·

83 2991 116 3058 lo
149 2993 434 3079 significationem
469 2992 617 3060 habebut
645 2994 736 3059 baud
762 2992 922 3078 ambigue
939 2992 1249 3081 circumscriptam.

85 3106 255 3196 Pauperes
300 3109 394 3173 enim
432 3115 514 3174 tunc
548 3109 711 3194 temporis
741 3113 839 3173 erant
873 3128 1002 3188 omnes,
1041 3108 1101 3192 qui
1135 3109 1251 3176 minus

87 3239 189 3305 quam
212 3221 466 3308 quinquaginta
490 3243 611 3288 aureos
633 3220 862 3308 possidebant.
886 3221 912 3307 4)

119 3425 138 3484 ¹)
171 3425 208 3474 Ol.
226 3441 278 3488 pag.
293 3425 333 3477 75.
351 3424 431 3474 Simili
450 3426 519 3475 modo
537 3426 705 3491 Aristophanes
723 3427 749 3475 in
765 3426 836 3476 Pluto
853 3420 957 3488 πηνίαν
977 3446 991 3479 a
1011 3421 1146 3500 πτωχείᾳ
1157 3431 1250 3497 elegen·

0 3540 1 3543 η
87 3507 119 3554 lar
145 3507 278 3571 distinguit,
306 3524 382 3572 aquo
400 3509 538 3573 praesertim
557 3510 693 3558 conferendi
711 3515 767 3560 sunt
784 3528 818 3562 rs.
838 3513 886 3563 522
903 3530 975 3578 seqq„
993 3531 1051 3578 qnos
1068 3515 1181 3580 descripsi
1197 3532 1250 3581 pag.

87 3587 131 3637 143
149 3591 204 3640 adu.
224 3590 248 3641 2.

116 3671 135 3733 ⁷)
168 3674 231 3723 addi
257 3678 357 3738 possunt
382 3675 495 3740 permulti
522 3676 614 3725 similes
639 3677 685 3725 loci
712 3678 808 3736 Tacitei,
830 3689 857 3728 ut
875 3681 938 3730 Anu.
956 3681 990 3737 11,
1009 3681 1056 3738 373
1076 3681 1124 3739 as;
1142 3681 1190 3740 483
1208 3682 1249 3741 IV,

86 3756 130 3812 44;
149 3757 189 3812 XI,
208 3757 256 3814 23;
275 3757 329 3814 XII,
349 3759 395 3816 52;
414 3758 483 3817 Xlll,
503 3759 550 3817 843
570 3760 634 3809 Hist.
653 3760 672 3818 I,
691 3761 740 3818 20;
757 3761 805 3819 48;
831 3761 871 3821 IV,
890 3764 920 3820 9;
940 3763 988 3821 473
1006 3767 1049 3812 ete.
1119 3773 1120 3776 ’

9 3847 14 3860 ·
115 3837 134 3897 ³)
167 3839 227 3888 Vide
251 3855 303 3904 pag.
322 3840 352 3892 27
371 3845 394 3890 et
410 3841 473 3890 locos
491 3842 580 3891 ibidem
595 3844 620 3892 in
638 3843 691 3892 adn.
711 3847 726 3891 4
743 3843 834 3892 allatos.
871 3845 965 3908 Quibus
982 3847 1052 3896 addas
1070 3847 1119 3896 eie.
1140 3848 1172 3897 De
1192 3849 1248 3913 Lag.

85 3934 129 3982 agr.
147 3921 179 3982 Il,
198 3924 238 3980 24,
257 3923 304 3971 64:
323 3925 408 3988 ,Tum
426 3941 481 3974 cum
498 3927 594 3975 haberet
610 3927 666 3975 haec
683 3943 720 3975 res
739 3928 833 3992 publica
850 3929 971 3988 Luscinos,
991 3930 1120 3990 Calatinos,
1129 3933 1250 3992 Acidinos,

85 4001 187 4054 homines
205 4023 252 4054 non
272 4006 348 4055 solum
367 4009 495 4058 honoribus
513 4011 596 4075 populi
612 4011 728 4075 rebusque
745 4013 824 4074 gestis,
842 4029 924 4062 verum
942 4015 1013 4063 etiam
1031 4015 1134 4079 paienta
1150 4031 1250 4081 pauper·

85 4087 137 4135 tatia
161 4088 281 4138 ornatos.'’
308 4117 339 4126 ——
366 4092 418 4139 inv.
445 4093 485 4148 Vl,
505 4093 553 4140 294
572 4111 611 4158 seq
630 4115 635 4141 ι
656 4094 773 4159 „Nullum
791 4095 880 4144 crimen
897 4096 961 4146 abest
978 4097 1115 4163 facinusque
1131 4098 1250 4158 libidinis,

85 4183 110 4215 ex
128 4185 173 4234 quo
191 4173 318 4236 Paupertas
337 4175 442 4223 Romana
458 4175 544 4238 perit.’'
563 4205 594 4213 -
611 4177 654 4226 Sil.
675 4178 729 4226 ital.
749 4180 767 4235 l,
786 4179 834 4227 609
852 4195 918 4242 seq:
939 4180 1249 4246 „Conciliumuocatangu-

86 4253 144 4300 stum
162 4263 269 4319 castaque
283 4254 361 4305 beatos
379 4258 519 4322 Paupertate
535 4260 637 4324 patres.”
655 4289 686 4297 —
707 4261 745 4310 Sic
761 4263 893 4312 sescenties.

116 4335 134 4395 4)
168 4338 222 4401 Dig.
250 4337 405 4398 xxxxvffl,
432 4343 455 4399 2,
475 4342 521 4391 1οι
547 4343 682 4408 „Nonnulli
700 4350 794 4410 pmpter
810 4350 977 4412 paupertatem,
995 4351 1022 4396 ut
1038 4353 1095 4398 sunt
1111 4349 1153 4414 qui
1170 4349 1250 4398 minus

87 4430 152 4479 quam
170 4421 345 4486 quinquaginta
361 4440 444 4474 aureos
460 4424 572 4476 habent.”
589 4427 624 4475 ue
641 4427 685 4477 hac
702 4445 727 4478 ra
743 4429 970 4495 videDuruy,Hist.
980 4431 1002 4482 d.
1013 4432 1183 4500 Romvlpag.
1194 4434 1250 4486 644.
