3122 5130
885 577 927 642 72

319 754 416 820 sidua
438 756 613 820 insomnia
640 755 692 820 vol
715 755 834 840 vigilia
858 756 987 840 aegroti
1010 756 1170 841 perirent.
1195 754 1222 842 ¹)
1255 753 1397 820 Adnecti
1411 773 1477 838 pos·

324 875 407 934 sunt
434 868 521 948 „alia
545 891 583 934 ac
608 869 742 935 diversa
763 868 915 954 pericula
938 869 1090 934 noctis'':

410 982 529 1061 „Quod
552 981 701 1068 spatium
724 983 820 1047 tectis
844 980 1047 1048 sublimibus
1070 982 1161 1047 unde
1185 981 1356 1047 cerebrum

406 1095 507 1160 Testa
529 1095 615 1176 ferit,
641 1096 798 1181 quotiens
821 1095 945 1160 rimosa
968 1101 1002 1160 et
1024 1102 1121 1160 curta
1144 1095 1295 1160 fenestris

408 1209 499 1274 Vasa
522 1209 654 1289 cadant,
681 1215 808 1294 quanto
832 1229 1029 1294 percussum
1052 1208 1202 1294 pondere
1225 1209 1353 1293 signent

410 1321 456 1386 Et
479 1320 617 1386 laedant
641 1320 781 1388 silicem.
804 1322 910 1407 possis
933 1322 1080 1406 ignavus
1104 1321 1223 1387 haberi

409 1434 453 1498 Et
476 1433 578 1498 subiti
602 1456 698 1500 casus
721 1435 931 1520 inprovidus,
956 1435 1000 1500 ad
1022 1456 1144 1500 cenam
1167 1434 1195 1500 si

406 1548 590 1612 intestatus
613 1569 689 1613 eas:
713 1548 797 1612 adeo
821 1553 870 1612 tot
893 1548 971 1626 fata,
999 1553 1082 1633 quot
1104 1546 1164 1612 illa

407 1660 513 1725 Nocte
537 1666 655 1746 patent
677 1660 798 1745 vigiles
820 1667 852 1726 te
876 1667 1112 1747 praetereunte
1135 1660 1307 1726 fenestrae.

407 1773 498 1858 Ergo
522 1781 617 1859 optes
640 1781 829 1860 votumque
853 1775 940 1839 feras
963 1773 1154 1838 miserabile
1178 1780 1299 1852 tecum,

407 1887 455 1953 Ut
477 1887 545 1952 sint
567 1894 747 1953 contentae
771 1886 904 1973 patulas
928 1887 1112 1952 defundere
1137 1886 1283 1972 pelves.''
1296 1883 1320 1971 Ι)

318 1999 396 2064 Non
432 2022 508 2065 raro
543 2001 666 2067 misero
700 2000 866 2081 famelico,
891 2022 972 2066 cum
994 2022 1055 2086 per
1077 1999 1197 2065 lunam
1220 1999 1275 2066 vel
1297 1997 1338 2062 ad
1362 1989 1472 2060 cande-

317 2112 369 2178 lae
393 2112 497 2180 breve
517 2111 636 2178 lumen
660 2114 802 2179 domum
824 2119 962 2199 peteret,
987 2113 1072 2179 ebrii
1095 2135 1133 2178 ac
1146 2113 1334 2198 petulantes
1343 2109 1471 2173 iuvenes

321 2226 394 2292 vim
418 2225 625 2292 afferebant:
651 2225 677 2313 ⁸)

321 2345 515 2355 ——-m-—

352 2380 369 2440 ¹)
394 2380 455 2429 Ibid.
475 2396 508 2428 vs.
529 2380 577 2429 232
595 2396 674 2444 seqq:

417 2464 557 2528 „Plurimus
573 2464 614 2512 hic
631 2481 698 2528 aeger
715 2465 818 2513 moritur
836 2464 993 2528 vigilansque,
1011 2465 1051 2512 sed
1068 2465 1146 2528 ipsum

417 2547 565 2610 Languorem
582 2547 673 2610 peperit
690 2547 757 2596 cibus
774 2548 920 2612 inperfectus
936 2551 958 2596 et
972 2547 1069 2596 haerens

393 2685 395 2688 ¹
416 2629 515 2678 Ardenti
534 2630 652 2678 stomacho
662 2650 668 2688 ;
686 2647 743 2679 nam
760 2647 820 2694 quae
836 2630 959 2679 meritoria
976 2647 1084 2678 somnum

415 2712 573 2760 Admittunt?
590 2713 681 2776 magnis
699 2713 784 2776 opibus
801 2713 920 2761 dormitur
937 2713 962 2760 in
982 2712 1045 2760 urbe.

417 2795 474 2842 Inde
490 2799 561 2859 caput
578 2796 663 2846 morbi.
683 2797 806 2844 raedarum
823 2796 939 2845 transitus
956 2799 1007 2843 arto

416 2879 527 2926 Vicorum
546 2879 632 2926 inflexu
650 2883 674 2926 ct
690 2880 774 2928 stantis
791 2879 897 2926 convicia
913 2879 1024 2926 mandrae

414 2961 524 3023 Eripient
540 2977 649 3009 somnum
669 2963 744 3009 Druso
763 2961 894 3025 vitulisque
911 2961 1037 3009 marinis.¹'

315 3043 440 3090 Meritoria
465 3043 508 3090 illa
530 3043 641 3092 videntur
664 3060 712 3091 esse
737 3043 853 3100 cenacula,
880 3043 996 3100 cubicula,
1022 3044 1092 3092 tertia
1109 3043 1220 3100 tabulata,
1238 3060 1252 3091 a
1270 3039 1406 3106 pauperibus
1422 3048 1467 3081 oon·

315 3125 391 3173 ductu.
410 3126 446 3174 of.
465 3127 564 3189 Ruperti
582 3131 605 3174 et
622 3127 707 3190 Mayor
723 3127 752 3174 ad
771 3127 834 3175 huno
852 3126 938 3175 locum,

347 3209 401 3257 Non
418 3225 484 3257 secus
502 3208 621 3258 Martialis
637 3210 700 3267 (XII,
720 3209 758 3266 57,
778 3211 791 3257 3
809 3213 894 3274 seqq.):

416 3292 480 3355 „Nec
497 3292 623 3355 cogitandi,
640 3294 730 3356 Sparsa,
749 3309 792 3341 nec
809 3293 943 3357 quiescendi

413 3373 442 3421 In
460 3373 518 3422 urbe
535 3374 600 3422 locus
617 3379 652 3423 est
669 3375 773 3439 pauperi.
793 3376 884 3438 Negant
901 3375 976 3424 vitam

413 3455 474 3504 Ludi
492 3457 599 3520 magistri
616 3473 692 3514 mane,
711 3461 777 3506 nocte
795 3457 901 3522 pistores,

413 3539 566 3587 Aerariorum
583 3541 683 3589 marculi
702 3541 740 3588 die
758 3544 807 3588 toto
825 3557 844 3589 e.
863 3557 885 3604 q.
904 3539 939 3588 s.”

313 3620 348 3668 Cf.
367 3621 468 3669 eundem
486 3622 514 3679 X,
534 3621 572 3679 74,
592 3623 639 3671 12:
659 3624 740 3688 „Quid
757 3624 921 3686 concupiscam
938 3623 1030 3687 quaeris
1047 3623 1121 3687 ergo?
1138 3623 1265 3672 dormire.'’
1284 3650 1314 3659 -
1331 3616 1415 3672 atilli,
1430 3610 1462 3663 18,

315 3702 346 3750 13
365 3718 445 3767 seqq:

413 3786 523 3850 „lugenti
541 3789 607 3837 fruor
624 3789 779 3852 improboque
796 3805 884 3845 somno,

411 3870 487 3933 Quem
504 3887 547 3918 nec
564 3872 634 3920 tertia
652 3888 719 3935 saepe
737 3872 828 3934 rumpit
845 3873 909 3929 hora,

410 3953 442 4000 nt
458 3955 535 4002 totum
553 3955 613 4003 mihi
631 3971 695 4003 auno
713 3971 806 4018 repono,
823 3955 939 4017 quidquid

409 4035 454 4082 Ter
471 4036 542 4084 denos
559 4037 715 4101 vigilaveram
733 4054 774 4101 per
791 4037 889 4084 annos.''

291 4158 294 4162 .
309 4113 393 4164 Plures
411 4116 473 4165 locos
490 4119 543 4168 vide
561 4122 623 4183 apud
642 4121 726 4184 Mayor
743 4120 773 4168 ad
789 4120 843 4168 Iuv.
860 4119 906 4178 ΙΙΙ,
923 4119 978 4167 235.

341 4198 360 4258 ³)
386 4199 438 4248 Iuv.
456 4201 502 4258 Ill,
521 4203 569 4250 269
590 4219 653 4266 seqq.

339 4279 358 4341 3)
384 4281 444 4330 lbid.
463 4298 498 4332 vs.
518 4285 565 4332 286
585 4301 648 4348 seqq.
