3040 5134
583 575 648 641 169

35 753 89 819 tim
120 753 224 823 fnisse
260 751 465 820 distributos.
510 754 564 820 Ita
591 753 732 840 quidem
758 753 907 820 Granius
929 753 1131 820 Licinianus
1153 753 1195 820 de

35 867 173 954 Lepido:
212 865 395 954 „[Le]gem
429 866 724 954 frumenteri[am]
760 866 856 934 nullo
887 867 1062 934 resistente
1089 915 1098 933 .
1121 916 1130 934 .
1155 916 1197 934 ..

35 986 86 1062 est,
116 987 156 1047 ut
190 979 382 1068 annon[ae]
418 980 606 1067 quinq[ue]
643 979 736 1046 modi
761 979 906 1068 popu[lo
929 979 1143 1068 da]rentur.''
1172 977 1198 1066 ¹)

36 1093 205 1181 Nusquam
229 1115 309 1160 sane
333 1093 496 1159 traditum
521 1100 580 1176 est,
606 1115 686 1160 oum
709 1093 746 1160 Ο.
770 1093 947 1162 Gracchus
970 1093 1082 1179 legem
1098 1113 1197 1160 suam

36 1206 126 1274 ferret
159 1207 421 1274 frumentariam
447 1208 552 1292 (anno
575 1229 605 1274 a.
631 1228 663 1273 u.
687 1228 716 1273 c.
740 1206 805 1273 731
830 1233 866 1268 =
889 1229 919 1274 a.
943 1206 1024 1274 Ohr.
1049 1228 1082 1274 n.
1107 1205 1195 1294 123),

35 1319 128 1387 istum
161 1321 305 1388 modum
328 1321 399 1386 iam
425 1321 528 1388 fuisse
553 1321 787 1388 constitutum.
833 1321 997 1388 Attamen
1021 1341 1111 1402 eum,
1135 1319 1197 1407 qui

36 1434 156 1520 primus
187 1435 229 1501 de
253 1440 340 1502 stata
362 1456 403 1502 ac
425 1439 594 1522 perpetua
616 1433 882 1501 frumentatione
906 1433 1020 1520 legem
1037 1432 1127 1516 tulit,
1151 1433 1212 1500 de

36 1548 127 1614 modo
156 1548 262 1615 etiam
284 1547 450 1614 frumenti
474 1548 602 1615 cavisse
627 1568 764 1635 prorsus
787 1547 914 1614 credas.
960 1547 1012 1614 Ne
1036 1546 1197 1617 Terentia

37 1661 168 1748 quidem
202 1661 276 1747 legs
313 1659 339 1750 ς)
374 1662 517 1728 modum
552 1667 724 1728 mutatum
752 1683 822 1728 esse
846 1660 1051 1728 Conterenio
1074 1659 1102 1747 8)
1124 1660 1198 1728 veri

37 1774 135 1841 simile
171 1774 308 1842 videtur
345 1775 537 1860 „cogitanti
575 1775 665 1841 hanc
699 1773 918 1859 largitionem
952 1771 1106 1861 patribus
1140 1795 1197 1840 er·

37 1909 190 1974 pressam,
219 1886 361 1955 delinire
385 1887 465 1954 satis
488 1887 636 1974 potuisse
660 1887 769 1974 plebis
796 1887 929 1954 animos
951 1887 989 1952 in
1012 1907 1069 1953 eos
1093 1886 1198 1953 offen·

38 2002 140 2084 siores,
164 2002 192 2068 si
215 2023 278 2089 par
300 2001 499 2068 tribunitiae
518 2002 668 2070 fuisset.’'
709 2001 869 2069 Clodium
892 2000 1196 2067 frumentationem

37 2113 139 2201 ipsam
173 2136 242 2182 non
277 2121 425 2182 mutasse
460 2116 633 2203 gratisque
665 2121 801 2182 tantum
828 2115 959 2182 dedisse
983 2115 1196 2182 frumentum

39 2215 90 2294 err¹
105 2228 179 2295 loco
215 2229 365 2318 quodam
401 2229 624 2296 Ciceroniana
647 2235 810 2317 apparet:
845 2229 913 2308 „Ut
938 2228 1086 2296 remissis
1109 2227 1199 2294 senis

39 2348 67 2407 et
98 2342 279 2409 trientibus
312 2342 433 2429 quinta
464 2364 569 2430 prope
593 2364 672 2430 pars
695 2341 917 2428 vectigalium
941 2341 1149 2432 tolleretur.''
1174 2340 1201 2428 ⁴)

40 2453 112 2522 Post
134 2455 294 2523 Clodium
318 2476 456 2544 quoque
480 2456 623 2523 modum
645 2455 745 2522 illum
769 2455 871 2522 fuisse
897 2462 1081 2537 servatum,
1103 2454 1202 2522 facile

41 2568 181 2636 adducor
214 2575 253 2635 ut
282 2570 420 2637 credam
448 2568 497 2636 'ob
520 2569 620 2636 hasce
643 2590 772 2636 causas.
818 2569 975 2635 Primum
999 2569 1028 2636 si
1050 2575 1203 2636 mutatus

41 2689 127 2766 esset,
162 2683 291 2750 mirum
327 2689 413 2750 esset
446 2683 483 2748 in
517 2682 669 2750 fontibus
691 2683 823 2764 nostris,
851 2682 911 2770 qui
933 2683 1135 2770 praesertim
1157 2682 1199 2748 de

42 2794 216 2862 Caesarum
238 2795 450 2883 temporibus
473 2795 574 2862 multi
596 2795 689 2884 iique
712 2795 835 2862 uberes
858 2802 947 2878 sunt,
973 2795 1060 2862 nihil
1080 2796 1122 2862 de
1135 2795 1200 2862 hae

41 2929 72 2974 re
107 2909 265 2977 inveniri.
311 2910 401 2976 Tum
432 2909 578 2977 Severus
598 2909 798 2976 Herodiano
821 2915 904 2976 teste
929 2909 1061 2997 primus
1084 2908 1203 2976 cohor·

42 3020 124 3089 tibus
155 3023 379 3110 praetorianis
403 3023 545 3090 modum
569 3023 677 3091 auxit.
702 3023 749 3110 ὅ),
774 3023 933 3110 Denique
957 3023 1064 3090 servis
1088 3021 1204 3088 militi-

42 3132 101 3200 bus
129 3136 302 3203 eustodiae
333 3136 504 3203 mandatis
528 3137 686 3223 quaterni
710 3135 851 3223 quinive
875 3136 979 3203 tritici
1003 3136 1111 3202 modii
1130 3135 1205 3203 dari

46 3253 226 3265 ———.—

43 3294 126 3357 Malls.)
141 3297 272 3348 Radbertus
289 3297 345 3360 (Zur
361 3298 399 3348 ur.
417 3299 440 3348 d.
458 3298 547 3348 Ssohw.
564 3299 588 3350 d.
606 3299 692 3348 Geldes
709 3298 744 3348 ins
761 3298 820 3358 ult,
838 3298 865 3348 in
881 3299 980 3348 Jahrbb.
995 3298 1206 3349 fNationslb'kon.

44 3393 66 3428 r.
87 3379 170 3430 Stetist.
196 3381 239 3430 XV
266 3381 358 3443 (1870),
384 3397 429 3447 pag
463 3381 511 3431 219
529 3384 603 3447 seqq.)
620 3386 699 3432 tamen
715 3382 808 3446 copiose
824 3382 971 3432 demonstrat
991 3381 1035 3431 hoc
1051 3386 1075 3431 et
1092 3382 1207 3447 quiequid

43 3465 149 3522 praeterea
174 3480 201 3513 ex
226 3463 304 3513 Plinii
330 3464 413 3513 Netnr.
440 3464 504 3514 Hist.
524 3465 613 3514 efficere
630 3469 746 3514 conentur
764 3465 809 3514 viri
828 3465 902 3524 docti,
921 3465 1006 3514 vitiose
1022 3464 1133 3514 conclusa
1150 3481 1207 3514 esse.

44 3541 107 3606 Quod
129 3550 205 3596 antem
231 3547 296 3610 apud
318 3547 403 3612 Duruy
431 3547 448 3597 l.
476 3547 494 3596 l.
522 3547 558 3597 bis
583 3547 673 3612 legitur
697 3565 725 3598 ex
750 3549 859 3613 quinque
876 3548 962 3597 modiis
979 3548 1096 3597 Romanos
1113 3547 1208 3598 circiter

43 3625 145 3678 xxxin
161 3630 330 3694 trilogrammss
347 3634 415 3695 (quae
431 3631 553 3692 dicuntur)
570 3632 658 3681 nostris
675 3631 819 3696 ponderibus
836 3631 932 3688 coxisse,
950 3631 1001 3680 sine
1018 3630 1094 3679 dubio
1102 3634 1207 3680 erratum

44 3711 76 3756 est
99 3727 136 3774 pro
160 3713 253 3762 XXXII
280 3713 452 3778 kilogrsmmis.
487 3715 533 3764 Sed
557 3730 640 3764 omnes
667 3714 727 3764 tales
752 3715 939 3778 consputationes
952 3712 1035 3762 dubias
1052 3728 1102 3761 esse
1118 3711 1206 3762 iterum

46 3805 127 3844 moneo.

80 3873 95 3925 ¹i
124 3877 157 3928 De
173 3880 243 3929 modo
260 3896 307 3944 quc
324 3879 433 3930 lecunm
450 3880 562 3945 supplent
579 3880 628 3930 viri
645 3881 708 3930 docti
725 3880 781 3929 vide
798 3895 852 3944 pag.
871 3877 919 3927 142
928 3877 982 3927 sdn.
993 3877 1054 3938 l,ds
1062 3876 1115 3942 ipso
1124 3877 1207 3942 Lepidi

48 3957 137 4008 consilio
153 3977 205 4026 pag.
223 3963 279 4012 132.

80 4039 98 4099 ²)
127 4043 160 4094 De
175 4045 218 4095 hae
235 4061 330 4112 quoque
346 4045 396 4111 lege
414 4046 468 4096 ride
482 4061 553 4110 snpra
570 4062 622 4112 pag.
642 4047 698 4096 182.

80 4121 98 4182 ³)
128 4126 144 4176 1.
163 4127 180 4178 1.
202 4145 254 4196 pag.
273 4130 332 4179 ets.

82 4207 99 4267 1)
129 4209 175 4261 Oie.
188 4212 234 4262 Pro
250 4213 310 4263 Sest.
325 4212 366 4274 at,
385 4214 424 4264 bb.

84 4288 101 4352 ⁸>
131 4291 213 4347 Horou
228 4295 276 4358 ru,
295 4296 318 4357 e,
336 4298 360 4348 s.
