3084 5128
867 588 932 655 214

355 765 454 853 Ipsae
489 765 712 853 obligationes
746 766 965 852 praediorum
993 765 1197 853 perscriptae
1221 770 1303 833 sunt
1325 765 1368 831 ad
1390 765 1472 831 hanc
1526 731 1527 754 ¹

311 879 469 946 formam.
506 879 530 967 ¹)
578 883 607 945 1.
642 881 759 947 Primo
793 880 867 946 loco
902 879 1042 966 ponitur
1075 901 1203 946 nomen
1229 879 1361 945 domini
1383 879 1474 944 fundi

313 993 534 1080 eiusdemque
558 1015 745 1083 usurarum¹
765 993 926 1060 debitoris
949 1015 1030 1059 casu
1053 1000 1159 1060 sexte.
1184 995 1214 1058 2.
1238 993 1400 1080 Sequitur
1422 1013 1475 1057 no·

314 1127 395 1172 men
417 1106 526 1171 fundi.
551 1107 581 1173 3.
605 1106 648 1171 In
669 1105 772 1192 plena
794 1106 962 1172 eiusmodi
985 1107 1095 1174 forma
1118 1107 1329 1173 territorium
1346 1127 1473 1193 quoque
1527 1109 1528 1127 .

313 1220 350 1284 in
392 1240 460 1306 quo
499 1225 585 1285 esset
619 1219 747 1284 fundus
781 1220 1034 1286 enuntiandum
1068 1221 1143 1286 luit.
1189 1220 1230 1285 In
1267 1220 1332 1286 hac
1368 1219 1474 1286 tabula

316 1339 484 1418 quatenus
518 1333 728 1398 territorium
762 1339 822 1398 aut
849 1333 1000 1420 positum
1023 1334 1066 1399 sit
1088 1339 1148 1399 aut
1171 1334 1348 1414 omissum,
1371 1339 1473 1399 nostro

314 1444 402 1511 nihil
446 1445 605 1526 interest;
652 1447 738 1512 ratic
771 1453 887 1513 autern
919 1447 992 1512 eins
1027 1447 1075 1514 rei
1111 1469 1234 1534 parum
1271 1448 1473 1534 perspicitur.
1528 1459 1529 1490 ³

314 1561 346 1624 4.
381 1559 436 1624 Ad
470 1559 679 1625 territorium
713 1582 842 1646 pagum
870 1561 1135 1628 adscribendum
1159 1583 1229 1628 csse
1254 1568 1288 1627 et
1313 1561 1472 1648 Ulpianus

314 1673 362 1738 ait
407 1678 439 1738 et
485 1673 666 1739 confirmat
709 1674 836 1740 tabule.
884 1676 914 1740 5.
952 1675 1151 1762 Sequuntur
1187 1675 1317 1741 adfines
1354 1675 1409 1757 ita,
1440 1679 1473 1738 ut

315 1786 518 1873 plerumque
551 1787 588 1851 in
622 1787 765 1873 singulis
798 1788 914 1854 fundis
947 1787 1074 1872 singuli
1104 1794 1241 1854 tantum
1273 1788 1403 1854 adfines
1425 1808 1474 1852 no·
1529 1841 1530 1854 .

316 1901 501 1966 minentur.
541 1902 571 1966 6.
607 1901 776 1988 Deinceps
810 1902 1031 1988 perscribitur
1066 1924 1202 1968 summa
1237 1923 1307 1988 qua
1342 1902 1474 1988 quisque
1529 1889 1530 1894 ἵ

314 2088 428 2151 gewissen
454 2087 532 2136 Werte
557 2087 726 2152 abgeschatztes
752 2088 902 2138 Grundstirclr
929 2105 959 2137 an
984 2089 1030 2138 den
1052 2089 1161 2138 Steetzu
1178 2085 1476 2146 stantemstantem

315 2171 419 2220 desselbe
440 2187 470 2220 zu
495 2171 641 2235 dinglichem
666 2171 852 2236 Erbpachtrecbt
878 2172 965 2221 zuriick
984 2176 1051 2221 enter
1069 2170 1232 2236 Aulerlegnng
1249 2172 1315 2221 eines
1333 2171 1476 2220 Bodenzinses
1530 2211 1531 2236 ,

308 2254 431 2318 (vectigal,
449 2255 539 2318 pensio,
557 2257 649 2315 canon),
666 2255 707 2303 der
724 2255 777 2304 dem
795 2256 851 2304 Zins
869 2255 908 2304 des
925 2254 1103 2318 dargeliehenen
1122 2254 1231 2319 Kapitals
1249 2253 1398 2319 entsprsch'’
1420 2254 1476 2300 llaec

315 2338 452 2401 opinionem
469 2337 574 2401 aliasque
590 2337 718 2386 nonnullas
736 2339 861 2402 Ruggiero‚
877 2338 930 2387 Dia.
948 2339 1022 2402 epigr.
1040 2355 1059 2387 s.
1078 2355 1102 2388 v.
1118 2339 1241 2396 alimenta,
1262 2339 1386 2403 impugnet
1396 2356 1401 2384 :
1412 2337 1476 2400 „lisso

316 2419 480 2468 forrnalmente
507 2436 555 2469 non
581 2436 620 2468 era
645 2420 675 2469 ne
695 2421 798 2484 fiducia,
825 2421 854 2470 nc
877 2421 970 2485 pignus,
996 2421 1025 2469 nb
1040 2426 1135 2485 paetum
1153 2423 1303 2485 hypothecae,
1322 2437 1387 2470 come
1403 2418 1472 2468 alcuni

316 2503 438 2566 ritengonc
468 2506 501 2567 (p.
526 2519 546 2550 e.
573 2502 683 2568 savigny,
709 2504 856 2553 Vermischte
877 2504 973 2553 Schrill.
993 2505 1006 2552 5
1027 2521 1049 2568 p.
1069 2505 1109 2552 64.
1127 2485 1303 2562 Puchta,⁶lrist¹
1323 2502 1476 2564 3,§1180f.

317 2586 443 2644 Bechosen,
462 2586 558 2634 Plendr.
578 2586 591 2633 1
610 2603 633 2650 p.
652 2587 718 2648 226),
736 2604 748 2636 c
765 2592 830 2636 tanto
847 2603 917 2636 meno
934 2588 975 2636 un'
993 2586 1101 2636 enfitensi
1120 2587 1239 2652 [sequitur
1256 2588 1381 2644 sententia,
1399 2587 1422 2634 in
1438 2599 1478 2648 qua

318 2669 443 2717 Matthiass
468 2684 517 2716 esse
543 2669 667 2735 diximus]⁸
702 2671 743 2719 Ma
769 2671 899 2719 consistere
923 2671 988 2719 nella
1013 2670 1125 2736 semplice
1142 2670 1267 2719 iscrizione
1283 2670 1323 2720 nei
1342 2669 1430 2734 registri
1446 2665 1477 2715 del
1531 2669 1532 2682 *

318 2753 450 2818 municipio
475 2753 580 2816 (tabulae
601 2753 720 2818 publicae)
747 2754 784 2802 dci
810 2755 876 2802 fcndi
904 2755 952 2803 dati
978 2755 1004 2803 in
1030 2771 1113 2819 pegnc,
1142 2755 1242 2802 siccome
1267 2770 1307 2803 era
1325 2755 1351 2802 in
1368 2770 1409 2802 uso
1424 2750 1478 2800 nelle

318 2836 473 2900 obligationes
487 2837 615 2901 praedibus
630 2837 781 2901 praediisque
798 2838 834 2886 dei
852 2838 940 2901 privati
957 2854 1024 2886 verso
1042 2838 1051 2884 i
1069 2837 1166 2886 comuni
1183 2841 1215 2898 (v.
1233 2837 1281 2886 Lex
1299 2837 1404 2886 Malacit.
1420 2832 1479 2884 0.ss

319 2920 384 2973 1174
406 2936 426 2968 c.
445 2920 485 2969 60.
503 2921 534 2968 63
552 2921 581 2968 ci.
599 2920 741 2978 Mommsen,
759 2920 843 2968 stade.
861 2936 884 2983 p.
903 2920 985 2980 469).”
1021 2920 1100 2969 Simili
1118 2921 1187 2969 modo
1205 2936 1228 2970 v.
1246 2920 1327 2978 Brinz,
1345 2920 1387 2984 qui
1403 2918 1480 2982 etipse

319 3004 347 3052 de
368 3003 452 3052 harum
469 3002 641 3066 obligationum
660 3002 749 3051 ratione
767 3003 823 3051 satis
840 3003 932 3066 copiose
950 3003 1004 3066 egit,
1021 3003 1092 3052 etiam
1109 3001 1168 3054 alies
1186 3003 1479 3066 controversiaeattingens,

320 3102 378 3151 quas
401 3085 440 3134 hic
465 3086 631 3150 praetermitto,
654 3086 680 3134 in
703 3085 872 3149 Sitzungsberr.
890 3086 912 3134 d.
931 3085 1014 3134 histor.
1049 3086 1129 3135 Classe
1146 3086 1189 3134 der
1206 3086 1229 3135 k.
1247 3086 1272 3135 b.
1295 3086 1372 3138 Aksd.
1389 3087 1412 3136 d.
1428 3084 1479 3132 Wis-

320 3169 411 3217 senech.
434 3184 463 3216 zu
481 3168 609 3226 Miincben,
629 3168 691 3221 1887
710 3168 736 3215 Il
753 3184 804 3232 pag.
823 3169 871 3218 209
889 3185 953 3233 seqq.
970 3169 1031 3233 („Zu
1048 3170 1093 3218 den
1112 3169 1384 3234 Alimentenstiituegen
1400 3170 1439 3218 der
1451 3169 1481 3215 rie

321 3251 427 3300 mischen
453 3251 577 3312 Kaiser''):
605 3253 681 3314 „Dass
706 3251 794 3314 'lrajan
819 3252 915 3300 endlich
940 3252 1065 3300 denselbeu
1092 3253 1150 3316 Weg
1170 3252 1358 3316 eingeschlegen,
1382 3253 1426 3300 wie
1442 3249 1481 3298 sein

321 3334 425 3393 Plinius,
452 3334 484 3382 ist
510 3335 562 3383 eiue
590 3350 615 3382 so
641 3335 768 3383 vertente
789 3336 898 3392 Ansicbt,
916 3337 969 3385 dass
988 3351 1042 3383 man
1058 3335 1148 3384 schwer
1166 3335 1272 3399 begreilt,
1290 3336 1335 3384 wie
1355 3336 1480 3386 Henree

322 3419 346 3468 S.
373 3418 404 3466 26
431 3417 504 3465 daran
528 3417 588 3466 auch
606 3432 653 3465 nur
668 3417 758 3466 denken
777 3418 872 3467 lronnte¹
908 3419 985 3466 Wenn
1001 3419 1102 3466 Jemsnd
1119 3419 1198 3467 derart
1215 3419 1300 3476 stiltct,
1318 3419 1373 3468 dass
1390 3434 1415 3468 er
1430 3416 1482 3466 scine

322 3500 487 3550 Grundstiiclre
503 3501 543 3548 fiir
559 3499 645 3550 immet
661 3501 816 3564 wegschenht,
834 3502 868 3550 sie
885 3517 914 3550 za
931 3501 1053 3566 Erbpacbt
1069 3501 1289 3566 zurliclrempl‘angt,
1309 3503 1359 3551 und
1378 3503 1421 3551 den
1439 3500 1483 3548 hirs

322 3586 360 3634 fiir
385 3585 430 3634 den
456 3584 570 3648 gewissen
596 3584 677 3633 Zweck
703 3585 806 3643 widmet,
830 3601 855 3633 so
872 3584 967 3634 lrdnnen
984 3585 1023 3633 die
1044 3585 1210 3633 Grundstiicke
1226 3585 1295 3634 nicht
1312 3585 1381 3635 mehr
1401 3583 1484 3647 obligirt

322 3670 377 3718 oder
405 3668 543 3733 verplandet
560 3668 611 3717 sein
629 3669 685 3717 oder
701 3668 819 3717 heissen.”
854 3669 885 3716 nt
902 3668 973 3733 paulo
991 3669 1068 3716 inire:
1088 3669 1151 3732 „Das
1170 3668 1237 3732 lange
1255 3669 1362 3732 Register
1379 3669 1484 3717 ehrsamer

323 3752 443 3816 Velejaten
469 3752 518 3800 und
542 3751 694 3816 Ligurischer
719 3751 847 3800 Baebiauer
877 3751 914 3800 die
937 3751 988 3800 ihre
1005 3751 1170 3800 Grundstiicke
1188 3779 1219 3788 -
1237 3751 1333 3800 irsilich
1352 3752 1419 3800 nicht
1435 3764 1483 3810 neg·

324 3836 458 3895 schenkten,
483 3835 533 3884 und
557 3837 584 3884 in
609 3834 729 3900 nrbpaeht
754 3834 934 3891 seruandelten,
957 3821 1057 3884 sondern
1083 3833 1154 3883 theils
1181 3834 1320 3896 volleigene,
1348 3834 1419 3884 tbeils
1435 3831 1483 3882 nrt

323 3920 479 3984 pecht-Giiter
502 3935 576 3982 gegen
600 3917 831 3982 verbiiltnissmiissig
848 3916 927 3966 lrleine
944 3917 1080 3982 Kapitalien
1099 3917 1274 3982 verprandeten.
1310 3918 1384 3981 Tr‘s'sgt
1399 3931 1450 3965 man
1464 3913 1485 3961 in

324 4004 362 4052 die
388 4001 595 4052 Alimentsrtaleln
621 4002 699 4051 nichts
725 4001 817 4058 hinein,
844 4017 868 4048 so
892 4001 974 4049 schaut
990 4017 1033 4049 eus
1050 4001 1118 4049 ihren
1137 4000 1305 4064 Obligationen
1325 4001 1393 4050 mehr
1408 3999 1441 4048 als
1456 3996 1486 4045 die

325 4085 453 4150 Hypotbek
477 4085 544 4134 nicht
564 4084 674 4134 heraus.''
708 4084 758 4132 Nos
774 4090 852 4133 tamen
870 4082 1042 4147 obligationum
1061 4084 1166 4138 modum,
1184 4085 1212 4131 de
1230 4100 1276 4148 qno
1295 4084 1399 4133 multum
1417 4083 1485 4145 dispe·

325 4171 435 4218 taverunt
451 4168 498 4217 viri
516 4169 578 4217 docti
595 4167 749 4232 iurisperiti,
767 4168 805 4216 his
823 4168 881 4232 ipsis
899 4168 1078 4232 disceptandum
1095 4167 1268 4230 permittamus.

363 4255 381 4314 ¹)
416 4250 468 4300 Hoc
494 4251 652 4301 summarium
682 4267 783 4316 quoque,
800 4251 827 4300 in
844 4254 971 4315 angustum
988 4256 1067 4299 tamen
1084 4253 1198 4309 coactum,
1214 4249 1349 4316 deprompsi
1365 4266 1379 4299 e
1394 4247 1483 4297 Momm·

325 4351 384 4386 seno
401 4335 428 4386 in
445 4335 472 4385 0.
489 4334 510 4386 Ι.
523 4335 550 4385 L.
