3084 5128
865 561 930 627 240

306 761 377 806 esse
412 738 621 822 benefacere,
660 738 802 808 advenis
826 739 928 806 modo
951 739 988 805 in
1012 744 1166 806 nostrum
1191 739 1312 806 delatis
1335 743 1458 826 portum

306 859 339 920 11
362 853 477 920 statim
501 853 644 919 abituris
667 853 897 920 succurrimus
919 852 1036 937 ignoto
1060 853 1228 938 naufrago
1252 874 1460 938 navemque

305 967 500 1045 revehatur,
525 973 559 1033 11
581 967 703 1034 damus
727 972 760 1032 11
783 966 956 1032 struimus.
979 966 1123 1032 discedit
1144 966 1202 1033 illc
1227 967 1288 1035 vix
1305 967 1460 1032 satisnoto

305 1079 422 1147 salutis
445 1086 582 1146 auctore
608 1087 641 1146 et
664 1100 856 1166 numquam
874 1079 1022 1167 amplius
1037 1080 1073 1144 in
1087 1085 1308 1167 conspertum
1322 1085 1461 1145 nostrum

305 1216 503 1262 reversurus
538 1193 706 1259 debitores
742 1193 839 1258 nobis
874 1193 954 1259 deos
988 1193 1123 1278 delegat
1155 1200 1390 1281 precaturque,
1419 1191 1461 1256 1111

304 1327 367 1394 pro
389 1329 423 1374 se
448 1313 524 1391 grat
525 1307 595 1371 iam
618 1305 783 1372 reddant:
812 1306 848 1371 in
852 1307 951 1372 terim
972 1328 1033 1373 nos
1055 1307 1204 1373 iuvatt
1175 1306 1298 1373 sterilis
1321 1305 1461 1372 beneficii

306 1420 480 1487 conscient
480 1419 546 1486 ia.''
570 1457 614 1468 -
637 1420 807 1507 Denique,
830 1441 873 1486 ne
901 1420 1001 1507 plura
1024 1419 1177 1502 afferam,
1201 1421 1252 1486 De
1266 1418 1371 1487 Olem.
1383 1419 1460 1499 II„6

307 1533 337 1615 2,
371 1535 414 1599 3:
452 1533 641 1621 ,lSapiensl
668 1533 764 1600 dabit
751 1541 931 1600 tmanum
955 1534 1132 1619 naufraga,
1158 1533 1253 1600 exuli
1276 1533 1396 1621 hospit
1389 1555 1460 1612 rum,

307 1647 421 1732 egenti
455 1647 588 1735 stipem,
622 1670 692 1714 non
727 1647 817 1714 hanc
851 1647 1145 1729 contumeliosam,
1174 1669 1242 1734 qua
1266 1669 1344 1734 pars
1365 1646 1460 1711 maior

306 1761 441 1842 horum,
476 1761 594 1848 quise
619 1761 853 1828 misericordes
877 1749 986 1829 videri
1010 1761 1140 1841 volunt,
1165 1759 1269 1827 abicit
1292 1766 1327 1827 et
1348 1759 1461 1826 fastidit

307 1896 393 1962 quos
416 1875 556 1944 adiuvat
579 1875 800 1962 contingique
825 1875 942 1941 abhis
965 1875 1072 1956 timet,
1097 1875 1155 1942 sed
1172 1879 1210 1940 ut
1227 1875 1332 1941 homo
1344 1871 1461 1939 homini

304 1986 351 2056 ¹ex
386 1989 562 2056 communi
597 1989 702 2055 dabit.
749 1989 900 2056 Donabit
933 1988 1083 2055 lacrimis
1117 1989 1281 2054 maternis
1310 1987 1413 2053 filium
1435 1990 1462 2051 et

308 2108 445 2169 catenas
467 2102 553 2169 solvi
576 2101 708 2168 iubebit
731 2109 765 2168 11
779 2102 861 2168 ludo
871 2102 1001 2169 eximet
1012 2108 1047 2169 et
1058 2102 1204 2169 cadaver
1216 2101 1320 2168 etiam
1333 2100 1462 2166 noxium

309 2216 457 2304 sepeliet,
481 2215 539 2282 sed
565 2216 665 2283 faciet
688 2217 752 2282 ista
764 2216 949 2304 tranquilla
962 2222 1086 2298 mente,
1100 2215 1197 2283 voltu
1208 2237 1280 2282 suo.
1305 2216 1393 2300 Ergo
1406 2234 1462 2278 non

308 2329 524 2396 miserebitur
547 2330 690 2416 sapiens,
716 2330 773 2396 sed
797 2335 979 2412 succurret,
997 2330 1055 2396 sed
1071 2329 1232 2416 proderit,
1244 2329 1281 2394 in
1295 2346 1462 2395 commune

309 2443 479 2509 auxilium
513 2449 572 2508 nat
574 2465 613 2509 us
643 2465 682 2508 ac
706 2442 883 2530 publicum
908 2444 1047 2524 bonum,
1073 2465 1117 2510 ex
1142 2464 1210 2530 quo
1234 2442 1330 2509 dabit
1353 2442 1462 2526 cuique

308 2557 473 2649 partem.''
523 2556 712 2638 „Omnibus
739 2558 852 2642 dignis
875 2557 1081 2645 proderitet
1068 2557 1248 2624 tdeorum
1272 2535 1484 2623 moreccia

309 2670 373 2738 mit
374 2692 448 2736 osos
469 2671 582 2757 propit
583 2671 636 2737 ius
658 2671 845 2758 respiciet.''
869 2710 913 2721 —
936 2670 1069 2738 Similia
1092 2672 1172 2738 addi
1185 2676 1328 2758 possunt
1314 2667 1463 2737 teMarci
1529 2677 1530 2696 1

307 2782 440 2851 Aurelii
474 2785 745 2852 Commentariis.
791 2786 848 2851 Ι1
859 2785 951 2852 enim
987 2786 1029 2867 V,
1066 2787 1107 2853 6:
1147 2787 1202 2860 ,0
1237 2788 1270 2848 δέ
1300 2811 1346 2858 τις
1367 2788 1463 2862 τρόπον

308 2899 373 2961 τινὰ
406 2893 956 2979 1111111111111111111·ἀλλὰ
990 2901 1086 2979 ὅμοιός
1113 2900 1193 2962 ἐστιν
1214 2901 1344 2979 ἀμπέλῳ
1365 2897 1463 2974 βότρυν

309 3011 478 3103 ένεγκοὺσῃ,
503 3016 551 3077 καὶ
573 3011 666 3092 μηδν
689 3015 765 3075 ἀλλο
788 3016 1054 3102 προσεπιζητοὺσῃ,
1079 3015 1159 3092 μετὰ
1182 3013 1218 3075 τὸ
1241 3016 1327 3096 ἅπαξ
1343 3013 1464 3075 τὲνῖὃιον
1529 3031 1530 3096 ,

248 3155 249 3160 ’
308 3126 422 3203 καρπὸν
456 3125 626 3210 ἐνηνοχέναι,
659 3129 697 3198 ὡς
718 3129 810 3198 ’ίππος
832 3130 961 3207 δραμών,
983 3130 1057 3191 κύων
1081 3131 1226 3212 ἰχνεόσας,
1250 3129 1383 3206 μέλισσα
1405 3125 1464 3203 μέλι
1529 3119 1530 3134 ³

308 3244 469 3312 ποοὴσασα.
494 3239 683 3317 ’Ἄνθρωπος
705 3230 764 3303 δέὖ
786 3247 920 3321 ποιήσας,
945 3241 995 3305 οὐκ
1019 3239 1185 3320 ἒπίβοᾶται,
1207 3241 1290 3302 ἀλλὰ
1302 3237 1465 3319 μεταβαίνει
1529 3279 1530 3286 1

309 3350 350 3434 ἐφ’
375 3351 481 3431 έτερον,
501 3355 539 3424 ὡς
557 3354 695 3432 ἄμπελος
718 3352 764 3415 ἐπὶ
786 3354 821 3416 τὸ
839 3359 929 3417 πάλιν
952 3354 980 3416 έν
1003 3366 1040 3443 τῆ
1064 3355 1123 3436 ὥρᾳ
1139 3354 1190 3416 τὸν
1211 3352 1324 3432 βότρυν
1337 3353 1463 3432 ἐνεγκεῖν.

307 3501 352 3512 -
373 3464 452 3544 VII,
477 3464 540 3532 73:
567 3465 691 3540 ρ”Οταν
713 3467 752 3529 σὺ
775 3457 804 3530 εὖ
826 3467 992 3542 πεποιηκὼς
1013 3455 1056 3554 ᾖς,
1081 3470 1129 3532 καὶ
1152 3470 1245 3539 ἀλλος
1261 3458 1291 3530 εὖ
1305 3468 1465 3542 πεπονθὼς,

307 3584 337 3639 τί
369 3577 514 3660 ἐπιζητεῖς
548 3586 646 3656 τρίτον
676 3581 757 3658 παρὰ
780 3590 886 3662 ταῦτα,
911 3582 1011 3659 ὥσπερ
1035 3588 1059 3642 οἱ
1081 3588 1181 3662 μωροὶ,
1205 3581 1240 3642 τὸ
1268 3583 1318 3645 καὶ
1341 3584 1420 3664 δόξαι
1440 3569 1465 3639 εὖ

306 3695 500 3775 πεποιηκέναι,
524 3694 541 3768 ἢ
565 3693 600 3755 τὸ
622 3692 752 3772 ἀμοιβῆς
773 3708 894 3780 τ1χεῖν;
919 3733 963 3744 -
985 3695 1047 3775 ΙΧ,
1072 3696 1115 3760 42
1140 3695 1189 3780 (ln
1213 3694 1317 3780 fine):
1345 3699 1398 3765 ρΤί
1411 3693 1466 3772 γὰρ

306 3807 397 3868 πλέον
420 3808 520 3879 θέλεις
542 3796 571 3870 εὖ
593 3813 718 3881 ποιήσας
740 3809 920 3886 ἄνθρωπον,
945 3810 996 3873 οὐκ
1018 3811 1102 3886 ἀρκεῖ
1122 3812 1228 3888 τούτῳ,
1245 3809 1289 3870 ὅτι
1301 3810 1381 3873 κατὰ
1392 3810 1465 3892 φάσιν

305 3944 359 3993 πςν
381 3927 437 3994 σήν
458 3945 488 3982 τι
510 3921 649 4004 ἔπραξας,
677 3921 758 3983 ἀλλα
784 3924 889 3983 τούτου
911 3921 1025 4000 μισθὸν
1048 3924 1208 4004 ζητεῖς;
1193 3947 1231 3993 ως
1254 3927 1279 3983 εἴ
1289 3948 1302 3984 ο
1291 3919 1465 4005 ὀφθαλμὲς

304 4031 479 4111 ἀμοιβῆν’
466 4040 582 4122 ἀπῄτει,
618 4034 662 4096 ὅτι
696 4032 866 4114 βλέπει,ἢ
849 4038 912 4110 bol
934 4037 1073 4115 πόδες,”
1058 4062 1102 4098 οτι
1124 4036 1308 4117 βαδίζουσιν
1337 4036 1463 4106 Ωσπερ

303 4147 366 4227 γὰρ
388 4150 485 4207 ταῦτα
507 4147 581 4224 πρὸς
604 4151 673 4210 τόδε
697 4173 726 4210 τι
747 4150 881 4229 γέγονεν,
905 4151 981 4227 ἅπερ
1005 4175 1085 4213 κατα
1109 4152 1163 4223 τὴν
1187 4150 1286 4235 ι’δίανζῐ
1275 4149 1462 4218 adsudascis

303 4259 475 4338 ἐνεργοῦντα
520 4261 625 4344 ἀπέχει
659 4261 694 4323 τὸ
727 4263 807 4341 ἴδιον,
847 4262 937 4336 οὕτως
970 4265 1018 4327 καὶ
1052 4267 1065 4326 ὁ
1100 4266 1259 4344 ἄνθρωπος
1294 4259 1462 4344 εὐεργετικὸς
