3084 5128
7 697 9 768 ἰ

608 587 673 653 259

100 766 122 829 t.
166 765 254 832 Vere
267 765 442 832 Romanos
458 786 493 830 m
507 786 525 831 e
539 764 741 832 udicare
768 765 927 852 puduisse
941 766 979 831 in
990 765 1170 831 Prooemio
1197 761 1223 850 1)

61 877 125 942 iam
158 879 287 944 monui.
335 877 438 944 Nullo
473 885 626 966 tempore
662 886 776 945 tamen
815 879 960 945 defuisse
986 879 1045 966 qui
1070 879 1222 965 precaria

61 991 139 1076 stipe
174 992 370 1060 victitarent
402 1014 420 1058 e
455 992 676 1079 scriptoribus
710 991 811 1079 plane
846 991 1087 1078 intellegimus.
1144 991 1220 1057 Iam

60 1103 166 1170 Plauti
205 1111 315 1170 aetate
339 1105 576 1171 mendicantes
598 1112 695 1172 extra
717 1113 851 1192 portam
875 1105 1095 1191 trigeminam
1114 1105 1222 1171 consi-

60 1217 131 1283 dere
154 1217 319 1285 solebant.
351 1217 377 1304 ²)
423 1219 470 1284 At
493 1219 676 1285 deteriores
700 1242 811 1286 mores
834 1220 871 1284 in
891 1219 962 1286 dies
974 1218 1220 1285 increbrescere

60 1330 171 1398 solent.
218 1333 318 1412 Quod
342 1333 398 1399 hic
423 1353 561 1420 quoque
585 1333 737 1400 evenisse
761 1340 865 1419 patet.
912 1332 1124 1400 Caesarianis
1148 1332 1223 1418 qui·

21 1529 23 1531 ,
60 1445 131 1511 dem
155 1447 366 1534 temporibus
390 1447 629 1513 mendicorum
653 1447 806 1511 maxima
829 1454 900 1513 erat
921 1446 1065 1513 facultas
1090 1447 1126 1511 in
1139 1468 1222 1533 pon·

60 1559 152 1641 libne,
188 1561 223 1625 in
253 1560 360 1639 clivis,
384 1561 420 1626 in
446 1561 512 1627 viis
535 1559 691 1647 publicis
715 1560 752 1624 in
777 1559 1006 1627 celeberrimis
1030 1559 1124 1626 urbis
1147 1582 1222 1647 par·

60 1673 152 1740 tibus.
175 1678 201 1760 ³)
247 1674 394 1739 Plurimi
421 1695 502 1740 saue
527 1681 625 1740 erant
649 1673 832 1761 peregrini,
854 1672 975 1738 Iudaei
998 1673 1136 1760 aliique,
1160 1675 1221 1761 qui

59 1789 345 1872 praetereuntium
369 1789 636 1854 misericordiam
661 1789 832 1875 requirere
850 1786 942 1852 haud
957 1785 1059 1852 dubie
1071 1787 1221 1873 plerum-

60 1903 212 1986 quoiam
237 1923 257 1966 a
280 1903 396 1989 pueris
419 1905 664 1969 assuescebant.
689 1904 716 1986 l)
763 1901 977 1984 Quidergo‘?
1005 1900 1059 1964 Ex
1070 1900 1144 1986 ipsa
1157 1900 1221 1966 hac

60 2016 290 2081 mendicorum
323 2017 515 2102 frequentia
550 2017 704 2097 efficitur,
741 2021 870 2080 utnon
895 2013 1071 2100 pauciores
1094 2013 1221 2078 fuerint

59 2127 113 2208 illi,
152 2130 213 2216 qui
247 2130 427 2214 egentibus
465 2130 589 2216 stipem
623 2130 795 2216 porrigere
832 2127 988 2193 solerent.
1035 2125 1219 2213 Plerosque

59 2247 168 2308 tamen
203 2266 224 2309 a
258 2266 339 2310 vera
373 2243 604 2310 misericordia
635 2243 736 2328 longe
760 2242 883 2308 afuisse
907 2241 1005 2307 docet
1028 2240 1144 2307 Senec.
1169 2240 1219 2305 De

58 2354 156 2422 (ilem.
180 2356 226 2438 II,
252 2358 281 2436 6,
307 2357 338 2422 2.
364 2357 388 2442 ⁵)

97 2469 214 2536 Restat
259 2469 494 2536 Romanorum
531 2469 785 2548 clientela,
821 2468 862 2535 de
898 2490 967 2555 qua
1000 2468 1035 2532 in
1060 2467 1219 2556 proximo

58 2583 160 2669 eapite
185 2584 337 2650 dicturus
360 2606 446 2650 sum.

62 2759 247 2770 ⁵·—--—-—

87 2844 103 2906 ¹)
136 2863 187 2910 pag.
206 2847 228 2894 6.

86 2929 104 2989 ²)
136 2930 196 2978 Vide
213 2928 290 2978 Plaut.
309 2931 375 2992 Capi.
395 2930 414 2984 l,
434 2930 455 2987 l,
474 2930 513 2977 22.

86 3012 103 3072 ³)
136 3013 172 3061 Cf.
202 3013 280 3060 Senec.
304 3011 339 3060 De
357 3012 410 3060 Vita
427 3013 492 3060 beata
510 3012 550 3069 25,
569 3011 599 3068 1;
617 3011 669 3058 luv.
687 3010 728 3066 IV,
749 3009 794 3062 117
813 3027 852 3074 seq
871 3029 877 3067 ;
895 3008 958 3067 XIV,
977 3008 1041 3064 1343
1060 3008 1130 3055 lllart.
1148 3007 1177 3064 ll,
1196 3009 1218 3063 5,

59 3094 84 3150 3;
101 3095 155 3152 llll,
172 3095 212 3151 aa,
231 3095 270 3143 25.

86 3179 103 3239 ⁴)
136 3179 208 3227 Mart.
235 3179 289 3234 ΧΠ,
317 3178 356 3233 at,
385 3179 429 3226 13:
458 3179 495 3241 „A
522 3182 595 3225 matre
620 3178 701 3225 doctus
720 3214 725 3224 .
743 3191 822 3238 rogare
841 3174 968 3224 Iudaeus.''
1003 3174 1134 3224 Hominum
1148 3175 1218 3223 misc·

59 3260 174 3310 ricordiam
193 3262 265 3309 variis
282 3263 358 3310 modis
375 3277 521 3310 commovere
538 3260 669 3308 studebant.
704 3261 783 3306 Seuee.
802 3259 837 3307 De
855 3258 930 3307 Olem.
949 3258 981 3314 ΙΙ,
1002 3259 1024 3315 6,
1037 3259 1068 3307 3:
1089 3258 1218 3323 „(Sapieus)

60 3344 141 3392 voltum
167 3346 264 3409 quidem
291 3361 337 3393 nou
363 3345 446 3394 deiciet
473 3360 514 3392 nec
539 3344 646 3392 animum
671 3342 701 3390 ob
726 3359 781 3390 erus
806 3341 907 3391 alicuius
924 3343 1017 3391 aridum
1035 3346 1074 3390 aut
1091 3358 1217 3407 pannosam

60 3428 148 3476 maciem
173 3434 195 3477 et
211 3429 316 3476 innixam
334 3426 417 3476 baculo
435 3427 601 3475 ementatum?
620 3425 741 3488 Naufragi,
758 3426 799 3488 qui
818 3426 897 3473 omnia
911 3441 952 3474 sua
961 3426 1118 3489 perdiderant,
1128 3427 1219 3474 mendi·

60 3513 129 3558 cantes
153 3510 257 3560 tabulam
275 3527 352 3558 secum
371 3509 481 3566 ferebant,
499 3510 525 3558 in
543 3525 587 3573 qua
605 3513 731 3573 tempestas
748 3509 839 3571 depicta
856 3513 912 3556 erat.
948 3509 984 3556 Cf.
1003 3509 1101 3557 Phaedr.
1119 3509 1160 3566 lV,
1178 3508 1218 3566 22,

62 3590 88 3638 24
111 3610 188 3658 seqq.;
216 3595 298 3643 Horat.
317 3596 345 3642 A.
362 3595 388 3642 P.
408 3593 439 3642 20
456 3609 520 3656 seq.;
549 3593 612 3640 Pers.
630 3593 649 3648 Ι,
669 3592 699 3639 88
718 3608 798 3655 seqq.;
825 3591 865 3646 VI,
884 3592 915 3638 32
934 3607 997 3654 seq.;
1016 3591 1087 3640 Mart.
1105 3590 1160 3648 XII,
1179 3593 1218 3649 57,

63 3673 102 3732 12;
127 3677 177 3725 luv.
205 3677 268 3732 XlV,
296 3677 341 3724 301
362 3694 409 3741 seq.
446 3676 512 3725 Alias
530 3675 703 3724 misericordiae
720 3675 845 3738 captandae
862 3674 963 3722 rationes
982 3673 1034 3722 vide
1051 3674 1113 3737 apud
1130 3673 1217 3721 Friedl.

61 3753 73 3802 l.
89 3756 103 3805 l.
120 3759 131 3807 I
147 3775 198 3823 pag.
218 3759 274 3808 296.

89 3841 105 3902 5)
136 3843 206 3892 Hune
223 3842 302 3891 locum
320 3842 421 3891 iambis
439 3841 559 3905 descripsi,
577 3857 643 3906 pagg.
665 3840 694 3888 la
712 3845 736 3887 at
753 3840 810 3888 240.
