3084 5128
549 1829 669 1896 Carnu
691 1829 719 1896 Ι.

448 2053 633 2144 Conspectus
651 2055 818 2142 pennalis.

96 2278 277 2362 Communi,
302 2302 408 2369 quam
432 2282 496 2349 viri
520 2281 669 2369 theologi
693 2283 822 2365 dicunt,
846 2282 990 2350 debetur
1006 2282 1071 2349 Dei
1080 2283 1217 2368 proiice,

58 2394 141 2477 quod
164 2394 202 2459 in
226 2395 356 2461 mundo
380 2401 494 2462 nostro
515 2402 675 2484 corrupto
698 2396 936 2483 acdepravato
952 2396 1219 2476 interhomines‚

58 2506 111 2592 qui
146 2514 291 2588 „natura
325 2509 484 2608 propensi
518 2516 598 2576 sunt
629 2510 672 2576 ad
696 2510 816 2576 odium
839 2510 904 2576 Dei
927 2515 961 2577 et
985 2510 1154 2598 proximi''
1181 2507 1219 2595 ¹),

58 2619 197 2687 effloruit
230 2621 404 2708 praeclara
426 2622 485 2689 illa
509 2624 616 2690 virtus
639 2622 894 2705 beneficentiae,
923 2645 1049 2709 „quam
1071 2624 1218 2692 eandem

59 2733 105 2798 vel
128 2733 377 2822 benignitatem
399 2736 452 2804 vel
475 2736 714 2805 liberalitatem
738 2736 904 2825 appellari
926 2736 1037 2804 licet.'’
1062 2738 1091 2825 ⁹)
1114 2737 1221 2804 Cuius

59 2845 186 2914 virtutis
219 2848 316 2915 nulla
350 2850 492 2937 quidem
524 2872 609 2937 gens
645 2850 869 2939 quantumvis
904 2849 1050 2916 barbara
1080 2871 1220 2937 prorsus

59 2979 172 3046 expers
204 2961 363 3029 habenda
400 2971 458 3044 est,
494 2986 605 3052 neque
641 2985 721 3030 vero
754 2965 825 3030 iam
859 2964 939 3030 inde
967 2964 1159 3051 antiquitus
1180 2964 1218 3029 in

59 3070 207 3142 Romano
241 3076 369 3162 populo
403 3077 557 3144 eiusdem
591 3099 660 3144 non
683 3077 911 3145 inveniuntur
934 3082 1026 3144 certa
1050 3077 1220 3164 quaedam

60 3188 203 3274 vestigia.
249 3190 350 3269 Quod
374 3213 416 3258 ne
439 3191 464 3256 ii
482 3191 622 3278 quidem
633 3190 760 3258 infitias
772 3190 883 3271 ibunt,
897 3190 957 3277 qui
971 3212 1057 3256 num
1069 3191 1221 3257 Romani

61 3299 98 3365 ad
119 3303 387 3370 misericordiam
402 3305 561 3391 propensi
573 3305 701 3371 fuerint
714 3303 931 3371 addubitant.
956 3301 983 3389 ⁸)
1005 3305 1220 3372 Documento

61 3421 133 3480 sunt
165 3437 244 3483 cum
277 3417 343 3485 viri
377 3416 427 3482 illi
461 3438 531 3485 non
564 3419 665 3505 pauci
701 3439 786 3506 quos
820 3416 989 3484 beneficos
1024 3418 1126 3485 fuisse
1155 3417 1222 3505 ipsi

62 3529 229 3616 scriptores
251 3530 307 3600 vel
329 3531 455 3618 reperti
476 3531 568 3598 tituli
590 3538 767 3614 testantur,
790 3537 869 3598 tum
891 3553 978 3619 quae
992 3532 1034 3598 de
1046 3530 1223 3618 praeclara

63 3638 120 3708 hac
142 3645 264 3711 virtute
285 3651 346 3711 aut
366 3645 559 3712 iniecerunt
581 3651 642 3712 aut
664 3646 772 3712 fusius
795 3645 1060 3731 disputaverunt
1072 3643 1223 3710 Romani

64 3762 182 3839 poetae,
206 3759 368 3842 rhetores
394 3759 430 3824 in
452 3760 572 3847 primis
594 3759 800 3847 philosophi.
850 3756 1064 3824 Monendum
1082 3756 1223 3842 quidem

64 3865 96 3932 in
117 3891 227 3938 rerum
250 3872 538 3960 contemplatione
554 3874 631 3961 plus
644 3874 800 3940 minusve
813 3870 940 3939 versari
954 3868 1220 3956 philosophiam.

67 3979 161 4049 Cuius
195 3987 384 4073 praeceptis
415 3994 454 4053 ut
475 4008 557 4054 usus
580 3988 670 4054 vitae
695 3986 795 4074 plane
819 3983 1052 4050 conformetur
1074 3981 1224 4070 plerum·

70 4123 249 4141 *Q

97 4208 117 4271 1)
149 4213 262 4266 atate.
280 4215 354 4266 rut.
372 4216 400 4267 r.

99 4293 117 4355 ἢ
150 4297 196 4350 cit.
213 4301 248 4350 ne
265 4300 312 4350 or.
330 4300 350 4360 1,
368 4300 390 4360 r,
409 4300 449 4351 ao.

95 4375 113 4440 ³)
144 4381 178 4434 Οἱ.
194 4384 300 4437 Prooem.
317 4401 369 4451 pag.
393 4386 407 4434 8
424 4402 488 4464 seqq.
