3084 5128
590 628 655 694 235

51 804 183 890 „quaerit
205 809 239 871 et
262 803 402 874 salvum
424 805 505 874 lacit
529 807 621 895 quod
645 805 823 894 perierot’',
842 802 868 892 ¹)
888 803 973 874 haee
996 825 1085 886 „non
1102 825 1204 893 quae·

48 916 81 982 rit
101 938 180 1005 quae
204 940 267 985 sna
290 920 402 1002 sunt’',
427 919 453 1008 Β)
477 920 562 987 haee
585 919 657 1005 agit
679 919 720 986 ad
735 917 926 987 divinailla
939 917 1044 987 verba
1057 918 1199 986 Domini

47 1029 126 1096 lesu:
152 1031 312 1111 „Reatino
333 1039 383 1099 est
407 1033 516 1119 magis
540 1033 630 1115 dare,
657 1053 763 1120 quam
786 1032 971 1118 aooipere’'.
996 1031 1023 1119 8)

80 1143 120 1209 lt
151 1166 220 1211 non
252 1145 366 1212 solum
388 1147 517 1234 species
539 1147 614 1234 ipsa
637 1146 892 1229 beneficentiae,
918 1145 1057 1233 qualem
1082 1145 1199 1212 Oioero

47 1255 189 1342 depingit,
224 1259 439 1327 Christianae
474 1260 616 1326 omuino
651 1258 888 1347 posthabenda
915 1265 976 1341 est,
1000 1257 1059 1325 sed
1085 1279 1129 1325 ne
1152 1258 1196 1325 ad

47 1369 122 1435 illam
156 1372 298 1458 quidem
332 1372 514 1461 plerosque
548 1373 799 1440 consurrexisse
828 1373 979 1458 ingenue
1003 1372 1195 1440 confitetur.

46 1481 116 1549 Nam
139 1492 324 1574 postquam
345 1487 412 1554 hoo
435 1509 597 1553 maxume
620 1486 722 1554 officii
745 1507 815 1553 esse
834 1485 959 1567 docuit,
980 1486 1196 1574 „utquisque

47 1617 187 1666 maxume
211 1600 288 1687 opis
309 1600 472 1687 indigeat,
496 1601 544 1667 ita
567 1600 599 1667 ei
624 1599 840 1688 potissimum
862 1598 1057 1686 opitulari’'‚
1083 1600 1111 1686 ⁴)
1127 1620 1198 1666 nno

46 1710 121 1777 velut
153 1719 272 1780 tenore
307 1713 423 1780 addit:
462 1713 580 1796 „Quod
615 1719 734 1780 eontra
757 1713 796 1778 fit
819 1735 839 1778 a
866 1711 1057 1800 plerisque;
1084 1733 1197 1800 aquo

45 1824 119 1889 enim
151 1825 345 1912 plurimum
378 1833 526 1914 sperant,
562 1827 695 1895 etiamsi
730 1826 787 1893 ille
811 1825 853 1892 iis
876 1847 945 1893 non
969 1831 1055 1912 eget,
1081 1831 1197 1893 tamen

45 1938 67 2001 ei
87 1939 300 2023 potissimum
323 1941 546 2009 inserviunt.'’
572 1939 597 2026 ⁵)
643 1939 744 2020 Quod
767 1939 926 2006 historiae
950 1939 1130 2005 Romanae
1148 1939 1197 2006 vi·

44 2049 147 2117 dentur
169 2053 405 2140 comprobare.
451 2054 635 2140 Plerosque
658 2055 751 2120 enim
779 2075 857 2121 vere
888 2074 972 2119 sua
995 2073 1098 2118 eausa
1121 2051 1196 2118 aliis

44 2165 187 2246 proluisse
224 2167 362 2233 dixeris.
387 2165 413 2253 6)
459 2167 693 2234 Obversentur
717 2168 845 2254 speoies
868 2187 886 2232 e
910 2167 1061 2232 maxime
1086 2165 1195 2232 diver·

45 2277 76 2341 sis
119 2281 331 2367 temporibus
364 2286 531 2368 sumptae.
600 2280 658 2367 Sp.
695 2280 839 2346 Maelius
874 2285 1094 2367 proponatur,
1132 2300 1196 2358 „ex

45 2395 173 2476 equestri
207 2394 339 2475 ordine,
366 2400 406 2460 ut
427 2393 495 2460 illis
518 2394 729 2481 temporibus
752 2394 950 2480 praedives''
976 2394 1062 2479 (erat
1085 2413 1196 2458 annus

44 2524 65 2568 a.
93 2528 122 2572 u.
156 2529 185 2574 o.
223 2509 288 2573 315
321 2534 357 2568 =
391 2529 421 2574 a.
457 2508 536 2574 ohr.
572 2530 605 2574 n.
631 2507 719 2594 439),
743 2508 813 2594 qui,
838 2528 918 2573 oum
940 2507 978 2571 in
1003 2504 1086 2572 urbe
1110 2511 1196 2572 esset

45 2616 132 2686 lanes
154 2621 257 2703 mala,
284 2622 476 2701 „frumento
500 2672 508 2688 .
532 2643 576 2688 ex
599 2621 737 2687 Etruria
760 2619 1199 2708 privatapeouniaperho-

46 2767 221 2783 ξ*-

69 2862 84 2922 ¹)
114 2864 168 2914 buo.
192 2865 258 2924 XIX,
278 2866 316 2915 10.
350 2865 430 2930 Longe
446 2865 515 2915 aliter
531 2865 609 2916 Plout.
627 2865 725 2915 Truonl.
743 2865 778 2923 11,
796 2865 820 2922 2,
838 2865 884 2914 13:
904 2862 1066 2928 „Piroulnmst
1084 2863 1197 2912 miserere

44 2959 75 2993 nos
89 2947 210 2999 bominum
228 2951 262 2999 rei
281 2950 342 2999 mole
356 2950 503 3014 gerentum.”
538 2949 637 3000 Poenul.
654 2951 700 3009 III,
719 2951 742 3010 3,
760 2951 808 3000 22:
828 2949 909 3014 „Malo
927 2948 1007 3013 siquid
1015 2947 1073 2997 bono
1081 2947 1161 3005 facias,
1172 2948 1196 2997 id

45 3025 164 3080 bneficium
190 3032 297 3082 interit.”
332 3033 398 3082 Duos
423 3034 482 3083 alios
508 3034 558 3083 eius
584 3035 647 3083 modi
667 3034 729 3082 loooe
746 3032 871 3082 Plautinos
888 3032 942 3081 ride
959 3032 985 3080 in
1004 3031 1126 3080 Prooemio
1143 3046 1197 3096 pag.

46 3109 74 3159 10.
95 3115 183 3165 ibidem
201 3121 280 3166 tomen
299 3117 347 3165 iarn
364 3117 446 3166 monui
464 3116 552 3166 talibus
569 3116 628 3166 looie
645 3133 672 3166 ex
689 3117 786 3166 oomiois
803 3116 905 3181 sumptis
923 3115 1026 3165 nimium
1043 3113 1198 3164 tribuendum

44 3207 80 3243 non
94 3214 146 3248 esse.

69 3278 85 3339 ²)
115 3281 199 3331 ICor.
217 3283 286 3341 XIII,
305 3283 327 3332 ὅ.

69 3359 84 3421 ³)
114 3365 165 3414 Aa.
183 3366 267 3430 Apost.
285 3365 337 3423 XX,
358 3367 398 3415 35.

69 3445 86 3503 ⁴)
115 3447 149 3496 De
166 3447 213 3496 Off.
230 3448 250 3507 1,
269 3449 309 3505 15,
327 3449 367 3497 49.

71 3528 86 3587 Ι)
115 3530 232 3581 Notabilis
257 3547 349 3595 quoque
377 3533 418 3581 hio
443 3531 508 3580 loous
533 3532 675 3581 eCioerono
691 3532 736 3594 (De
753 3531 817 3582 Orat
835 3532 867 3591 11,
886 3531 926 3590 25,
945 3532 1017 3592 loa:
1038 3533 1087 3597 „Ao
1105 3535 1199 3581 nostroe

45 3608 81 3658 lere
98 3629 182 3671 musae,
199 3631 257 3678 qnae
274 3615 370 3678 quidem
388 3618 444 3664 sunt
461 3615 597 3672 eriminum,
616 3615 755 3680 plerumque
772 3615 915 3664 infitiatione
933 3614 1100 3663 defenduntur.
1135 3615 1198 3663 Nam

46 3694 99 3742 etde
113 3697 216 3760 pecuniis
232 3697 376 3762 repetundis,
394 3714 452 3763 quoe
469 3699 583 3747 maximoe
600 3703 663 3758 sunt,
676 3699 850 3762 'neganda-lore
863 3700 919 3746 sunt
930 3697 1026 3754 omnia;
1044 3701 1068 3745 et
1084 3697 1122 3744 de
1139 3712 1197 3745 arn-

46 3771 428 3841 bitnroroilluddotur,
446 3782 615 3846 utpossis
633 3781 1019 3843 liberalitatematque
1038 3777 1198 3842 benigni-

47 3859 134 3909 tatem
159 3863 196 3911 ab
221 3863 471 3928 ambituatque
497 3864 699 3928 largitione
724 3862 937 3927 seiungero.''
972 3860 1132 3925 Qumverbo,
1150 3861 1198 3910 nisi

47 3939 110 4000 fallor,
128 3945 171 3994 boo
189 3947 285 3996 volunt:
304 3947 327 3995 s'r
342 3948 371 3996 do
387 3946 479 3996 ambitu
496 3952 617 3996 ooousotur
633 3948 696 4011 quis,
713 3963 764 3996 raro
781 3945 844 3993 illud
861 3946 938 4003 datur,
957 3948 983 3992 ut
1000 3943 1076 4008 possis
1094 3941 1197 3991 liberali·

48 4027 105 4074 aba
128 4035 195 4093 atque
210 4030 380 4094 benignitatem
397 4031 425 4079 ab
443 4031 533 4080 ambitu
551 4037 620 4095 atque
637 4030 762 4094 largitione
780 4029 907 4092 seiungere,
926 4043 997 4091 quaro
1015 4029 1116 4090 praestat
1132 4041 1197 4091 pror·

49 4120 79 4154 eus
93 4125 171 4174 negare
188 4129 252 4162 reum
270 4112 390 4162 liberalem
408 4118 478 4178 atque
496 4114 623 4178 benignum
641 4113 722 4162 luisse.

73 4189 89 4250 ‘t
118 4194 236 4245 Nimirum
253 4198 282 4245 de
298 4196 329 4245 iis
345 4197 472 4261 quiequam
490 4213 619 4246 asseverare
634 4212 683 4244 non
701 4210 834 4260 possumus,
854 4194 896 4260 qui
916 4192 1025 4242 liberales
1036 4192 1109 4241 luisse
1119 4193 1198 4241 lerun-

50 4273 85 4332 tnr,
104 4277 164 4326 nihil
180 4279 251 4330 alind.
287 4279 358 4328 Velut
374 4280 405 4344 Q.
422 4280 521 4329 Rosoius
538 4279 676 4342 comoedus,
694 4279 735 4342 qui
754 4276 841 4341 „otiam
857 4282 910 4327 ante
927 4292 998 4341 quom
1015 4274 1120 4340 locuples
1139 4291 1198 4325 eem-

50 4367 82 4416 per
95 4357 271 4412 liberalissimus
288 4362 570 4428 mnnifioentissimusque
588 4361 657 4411 luit.''
692 4361 751 4424 (Cio.
769 4359 817 4408 Pro
834 4361 902 4411 lineo.
920 4359 1030 4409 Comoed.
1048 4359 1071 4416 8,
1091 4358 1133 4420 22)

1047 4449 1110 4516 16*
