3040 5134
873 595 916 664 96

303 773 528 841 Plutarchus:
557 773 582 861 ¹)
619 775 759 857 ,tiotpepe
783 779 888 866 νόμους
911 776 1097 849 veterrimae
1120 782 1300 861 κληρουχίαν
1323 776 1456 855 mimir

306 890 405 972 χώρας
437 887 589 959 ὃιὸόντας”
623 926 666 936 -
701 894 735 953 et
769 888 872 974 paulo
906 895 1002 974 post:
1017 886 1043 974 Β)
1069 888 1227 965 ηὲπαρθεὶς
1250 879 1296 951 οὖν
1319 894 1332 951 ό
1358 894 1456 964 Καῖσαρ

305 1003 398 1062 ἄλλον
431 1002 553 1084 εἰσέφερε
576 1005 675 1080 νόμον,
701 1002 755 1074 τὴν
778 1006 960 1080 Καμπανίαν
984 1001 1096 1085 σχεδόν
1119 1003 1189 1076 όλην
1212 1005 1456 1080 προσκατανέμον-

306 1138 346 1176 τα
380 1126 475 1185 τοῖς
508 1115 695 1191 ἀπόροις
728 1118 794 1179 καὶ
828 1115 1050 1188 πένησιν.”
1082 1114 1264 1181 Praeterea
1299 1116 1382 1204 quid
1406 1115 1456 1180 sibi

307 1226 418 1308 vellet,
456 1227 546 1313 quod
587 1248 668 1292 cum
699 1228 851 1294 maxime
874 1229 908 1309 ii,
935 1227 1060 1315 quibus
1083 1229 1172 1293 terni
1195 1228 1353 1315 pluresve
1375 1228 1456 1294 liberi

307 1347 428 1422 essent,
453 1341 687 1423 mittebantur,
713 1343 741 1407 si
764 1364 835 1408 non
856 1341 893 1406 id
916 1347 1040 1426 ageret,
1066 1348 1104 1406 ut
1118 1340 1240 1408 urbem
1253 1343 1348 1430 inopi
1362 1341 1456 1408 multi-

304 1454 423 1519 tudine
446 1453 597 1522 levaret!
622 1453 646 1530 ⁸)
669 1455 714 1520 Et
736 1455 919 1521 Suetonius
943 1476 1024 1520 eum
1047 1455 1221 1539 octoginta
1237 1456 1366 1523 civium
1379 1455 1458 1520 milia
1506 1534 1509 1558 4

304 1567 342 1632 in
375 1568 622 1634 transmarinas
645 1568 794 1634 colonias
818 1567 1027 1634 distribuisse
1051 1575 1177 1634 narrat.
1204 1567 1231 1655 4)
1278 1569 1395 1636 Coloni
1416 1567 1454 1632 illi
1505 1576 1509 1628 t

306 1701 469 1765 magnam
493 1689 626 1767 partem
648 1688 746 1748 erant
767 1682 928 1762 libertini,
954 1688 992 1746 ut
1015 1681 1138 1747 diserte
1162 1689 1279 1748 narrat
1302 1683 1414 1749 Strabo
1424 1681 1455 1746 de
1508 1685 1509 1698 ¹

307 1795 472 1860 Corintho
495 1795 587 1862 hisce
611 1796 724 1863 Verbis
738 1788 806 1871 τ”ηῆ
827 1799 972 1872 Κόρινθος
993 1797 1146 1878 ἀνελήφθη
1159 1799 1249 1857 πάλιν
1261 1796 1317 1858 ὑπό
1329 1802 1455 1872 Καίσαρος

308 1917 360 1970 τοῦ
393 1914 464 1970 θεοῦ
499 1909 545 1971 διὰ
575 1910 629 1981 τὴν
661 1910 780 1992 εάφιιΐαν,
809 1908 939 1979 ἐποίκους
968 1908 1140 1991 πέμψαντος
1168 1918 1220 1970 τοῦ
1248 1910 1453 1987 ἀπελευθερινοό
1503 1916 1508 1963 t

307 2023 410 2102 γένους
442 2021 634 2093 πλείστους.”
656 2021 683 2108 5)
726 2022 781 2086 Ex
816 2021 937 2087 eodem
971 2019 1136 2086 Strabone
1160 2024 1391 2107 cognoscimus
1410 2041 1453 2087 eos
1504 2034 1508 2100 -f

308 2135 429 2202 saltem
468 2136 528 2221 qui
562 2135 809 2220 Carthaginem
844 2135 1061 2200 mitterentur
1097 2156 1166 2200 non
1201 2135 1268 2201 nisi
1303 2159 1346 2203 ex
1375 2147 1452 2222 parto
1502 2116 1507 2239 )

308 2251 410 2315 fuisse
445 2255 633 2315 veteranos.
680 2247 803 2314 Scribit
837 2237 951 2314 enim:
979 2250 1110 2332 „optutu
1132 2273 1162 2310 τι
1184 2248 1236 2311 τόν
1259 2251 1348 2312 αὐτόν
1367 2253 1452 2334 χρόνον

307 2363 395 2440 όνπερ
427 2364 475 2426 καὶ
509 2366 663 2440 Κόρινθος,
693 2364 846 2444 ἀνελήφθη
869 2365 959 2423 πάλιν
983 2363 1048 2437 περὶ
1066 2360 1134 2433 τοὺς
1156 2363 1260 2435 αότοός
1283 2389 1346 2436 πως
1355 2365 1453 2447 χρόνοις
1506 2439 1507 2446 ¹

305 2475 361 2537 όπό
395 2479 544 2552 Καίσαρος
577 2479 629 2536 τοῦ
662 2480 733 2536 θεοῦ
767 2476 938 2558 πέμψαντος
972 2473 1102 2545 ἐποίκους
1134 2474 1285 2555 Ῥωμαίων
1319 2477 1382 2548 τοὺς
1398 2498 1452 2552 προ-

304 2589 483 2667 αιρουμένους
515 2590 563 2651 καὶ
596 2602 656 2655 τῶν
689 2599 879 2666 στρατιωτῶν
911 2587 1025 2660 τιναςι”
1048 2587 1073 2676 6)
1111 2587 1292 2675 Appianus
1315 2598 1452 2674 utrosque

306 2722 375 2767 uno
409 2700 548 2766 nomine
582 2701 728 2787 inopum
761 2702 1042 2788 comprehendit:
1081 2704 1147 2776 ,ροαὶ
1166 2702 1237 2780 μετ’
1262 2705 1293 2766 οὐ
1315 2703 1387 2766 πολὺ
1407 2707 1452 2763 τῶν

306 2817 422 2892 ἀπόρων
456 2814 543 2876 αὐτόν
570 2813 600 2886 ἐς
621 2817 727 2893 Ρὼριην
751 2813 1024 2890 <ἒπανελθόντα>
1047 2817 1112 2892 περὶ
1133 2827 1192 2894 γῆς
1212 2819 1451 2894 παρακαλούντων,
1505 2879 1506 2906 3

307 2929 499 3007 συνέτασσεν,
531 2929 569 2999 ὡς
602 2929 723 3010 πέμψων
757 2927 825 3000 τοὺς
856 2927 912 3006 μὲν
946 2927 975 2999 ἐς
1006 2929 1060 3001 τὴν
1092 2930 1281 3013 Καρχηδόνα,
1306 2931 1370 3002 τοὺς
1389 2928 1412 2991 ἀ
1432 2926 1454 2996 ἐς
1505 2923 1507 2974 i

308 3040 486 3119 Kapevsovss’
508 3039 534 3127 7)
577 3040 738 3106 Ceterum
760 3041 797 3106 in
820 3040 966 3107 dubium
989 3042 1104 3108 vocari
1127 3048 1238 3128 potest
1260 3066 1346 3109 num
1356 3060 1455 3108 revera
1503 3035 1507 3073 ¹

310 3177 428 3221 omnes
468 3154 519 3220 illi
553 3153 665 3220 coloni
698 3153 884 3241 (octoginta
918 3154 1026 3241 milia)
1063 3155 1201 3221 deducti
1230 3157 1318 3238 sint;
1333 3157 1357 3244 8)
1387 3175 1454 3220 nam
1503 3076 1507 3201 i

312 3267 435 3334 Caesar
469 3274 578 3333 morte
612 3267 749 3333 videtur
783 3290 853 3333 esse
888 3268 1084 3355 impeditus,
1111 3290 1178 3355 quo
1202 3270 1317 3336 minus
1338 3271 1454 3353 incepta

307 3402 445 3467 prorsus
467 3387 721 3468 exsequeretur.
746 3381 771 3468 9)
796 3382 847 3447 De
872 3381 1079 3466 Carthagine
1104 3389 1194 3448 certe
1220 3383 1340 3450 diserte
1356 3383 1455 3446 narrat
1503 3414 1507 3446 ι,

342 3643 360 3705 ¹)
379 3642 437 3692 Cato
454 3643 513 3693 min.
532 3643 571 3691 31.

340 3725 359 3788 ²)
377 3726 434 3792 Gap.
452 3727 492 3776 33.

340 3808 360 3870 8)
378 3809 414 3858 cf.
432 3809 502 3859 etiam
520 3809 597 3872 Marq.
615 3808 632 3858 l.
649 3809 667 3857 1.
685 3825 736 3874 pag.
756 3808 811 3857 114.

341 3893 360 3952 ⁴)
378 3894 440 3942 Suet.
458 3892 505 3942 Iul.
523 3893 564 3942 42.

344 3977 362 4038 ι)
379 3976 460 4026 Strabo
477 3977 544 4034 VIII,
562 3976 585 4034 6,
604 3975 643 4024 23.

343 4060 363 4121 ὕ)
380 4059 462 4109 Strabo
479 4059 554 4118 XVII,
573 4059 596 4117 3,
615 4058 653 4106 15.

343 4141 362 4203 ⁷>
384 4142 485 4207 Appian.
504 4142 588 4190 Punic.
607 4141 663 4190 136.

341 4226 361 4287 Β)
378 4225 416 4274 cf.
432 4224 518 4289 zumpt
534 4224 552 4273 1.
570 4223 587 4273 l.
605 4239 657 4288 pag.
677 4223 726 4271 318
736 4242 743 4280 ς
762 4223 837 4287 Marq.
856 4222 872 4271 l.
891 4222 909 4272 l.
927 4237 978 4286 pag.
998 4223 1054 4272 116.

343 4307 363 4372 ⁹)
382 4308 485 4374 Appian.
502 4307 520 4356 l.
538 4307 555 4356 l.
