3122 5130
883 515 924 581 5⁶3

319 691 452 780 ipsique
500 693 571 759 ruri
609 693 812 775 habitarent,
850 715 943 760 nunc
978 695 1048 760 iam
1090 713 1228 774 „omnes
1262 695 1358 761 enim
1394 695 1484 783 (sicut

318 806 364 872 M.
390 808 499 874 Varro
522 808 593 872 iarn
615 807 826 893 temporibus
849 829 994 875 avorum
1017 814 1223 893 conquestus
1246 808 1483 896 est)patresf-

318 920 432 986 miliae
456 921 541 986 falce
565 926 599 986 et
622 928 733 986 aratro
758 921 882 986 relictis
906 922 996 986 intra
1009 943 1150 985 murum
1163 923 1395 1008 correpsimus
1412 925 1482 989 etin

317 1035 414 1100 circis
436 1035 549 1120 potius
572 1056 611 1099 ac
636 1035 777 1099 theatris
801 1055 906 1120 quam
928 1035 965 1098 in
989 1029 1160 1119 segetibus
1182 1040 1216 1100 et
1228 1036 1354 1102 vinetis
1368 1015 1482 1102 marius

316 1149 527 1215 movemus''.
543 1147 566 1235 ¹)
590 1149 640 1213 De
665 1145 801 1214 feminis
824 1147 917 1212 idem
941 1147 1152 1214 Columella:
1180 1149 1299 1228 ,Nunc
1313 1172 1398 1216 vero
1412 1172 1481 1215 cunr

315 1261 498 1348 pleraeque
522 1262 569 1326 sic
593 1260 680 1325 luxu
703 1267 737 1326 et
759 1261 882 1325 inertia
899 1260 1067 1342 diffluant,
1081 1267 1174 1326 utne
1187 1260 1329 1328 lanificii
1346 1263 1480 1350 quidem
1525 1237 1526 1268 ³

315 1397 433 1441 curam
456 1376 624 1461 suscipere
649 1374 843 1458 dignentur,
866 1374 925 1439 sed
937 1375 1030 1439 domi
1043 1375 1231 1460 [sedentes]
1244 1377 1418 1442 confectas
1434 1397 1479 1442 ve-

314 1494 380 1553 stes
403 1488 536 1553 fastidio
559 1487 709 1552 habeant
732 1538 872 1553 .....
897 1487 985 1552 nihil
1016 1488 1144 1552 mirum
1167 1495 1225 1569 est,
1251 1490 1391 1556 easdem
1403 1489 1478 1554 ruris

313 1608 347 1666 et
368 1587 675 1667 instrumentorum
698 1601 883 1685 agrestium
906 1622 988 1666 cura
999 1603 1135 1685 gravari
1147 1602 1477 1688 sordidissimumque

313 1716 490 1800 negotium
503 1716 624 1782 ducere
638 1736 827 1801 paucorum
839 1714 972 1780 dierum
985 1722 1121 1801 tempus
1132 1715 1169 1780 in
1181 1714 1265 1780 villa
1285 1717 1443 1783 morari.''
1456 1713 1476 1800 9)

312 1829 368 1894 Ad
391 1830 619 1896 diversissima
642 1835 758 1894 autem
778 1829 966 1894 ministeria
978 1835 1011 1892 et
1023 1835 1135 1914 patres
1155 1834 1188 1893 et
1201 1829 1476 1896 matresfamilias

312 1944 417 2010 servis
437 1943 631 2023 utebantur,
654 1943 702 2008 ita
724 1949 762 2006 ut
785 1942 915 2006 familia
938 1941 1071 2006 urbana
1082 1943 1226 2007 rusticae
1239 1964 1311 2008 non
1331 1943 1475 2009 multum

311 2056 454 2123 cederet.
479 2055 505 2144 ⁸)
540 2057 674 2123 Festive
710 2055 862 2120 Plinius:
903 2055 1176 2141 ,Mancipiorum
1202 2055 1364 2140 legiones
1391 2055 1472 2122 etin

311 2170 413 2236 domo
436 2170 537 2235 turba
560 2176 710 2250 externa,
736 2191 774 2234 ac
798 2190 976 2236 servorum
1000 2190 1136 2255 quoque
1159 2190 1260 2234 causa
1289 2168 1472 2236 nomencla-

310 2289 363 2349 tor
386 2282 631 2348 adhibendus''
657 2281 683 2369 4)

355 2395 502 2482 Antiqui
537 2396 715 2482 scriptores
748 2396 947 2460 Romanum
981 2394 1105 2460 luxum
1128 2417 1198 2460 uno
1222 2418 1279 2462 ore
1304 2397 1470 2462 damnant.

310 2511 389 2576 Non
423 2509 521 2575 aliter
551 2509 703 2575 Roscher
726 2509 895 2595 multique
919 2509 977 2574 alii
1001 2509 1066 2574 viri
1090 2509 1180 2574 docti
1203 2510 1333 2576 Romae
1358 2511 1471 2577 luxum

312 2623 477 2710 pessimae
501 2623 603 2710 fuisse
627 2629 769 2688 naturae
794 2623 1015 2701 contendunt,
1042 2623 1168 2709 quippe
1192 2624 1251 2709 qui
1264 2645 1345 2689 cum
1358 2624 1471 2691 stultus

310 2745 395 2803 esset
418 2744 494 2802 tum
517 2737 625 2823 turpis
649 2757 827 2823 moresque
852 2758 1083 2822 corrumpens.
1131 2736 1276 2802 Addunt
1299 2739 1424 2806 divites
1441 2735 1470 2799 'm

309 2872 386 2917 eam
409 2872 442 2916 se
467 2850 749 2916 consuetudinem
772 2849 963 2930 adduxisse,
990 2857 1027 2914 ut
1048 2850 1168 2914 inanes
1191 2851 1387 2937 voluptates
1403 2870 1469 2916 con-

308 2971 525 3044 sectarentur,
561 2962 773 3028 rarissimum
797 2964 948 3050 quidque
971 2970 1155 3049 captarent,
1182 2984 1287 3049 quam
1308 2967 1469 3031 maximos

308 3085 464 3164 sumptus
484 3078 593 3142 facere
618 3097 679 3161 pro
702 3077 884 3160 magnifico
908 3072 1119 3162 acciperent(
1157 3072 1467 3158 AtFrtedlanderq

307 3192 506 3257 Romanum
528 3190 652 3254 luxum
674 3211 895 3276 nequaquam
918 3196 1054 3255 tantum
1066 3190 1167 3256 fuisse
1181 3197 1289 3276 putat,
1305 3199 1467 3278 quantum

307 3306 441 3372 auxerit
460 3306 561 3385 fama,
586 3303 801 3390 eundemque
815 3303 970 3390 publicae
983 3303 1096 3389 potius
1108 3303 1209 3369 saluti
1222 3306 1434 3372 conduxisse.
1446 3301 1467 3388 ⁶)

306 3469 410 3544 θέρους
441 3463 473 3530 δὲ
503 3464 617 3542 γυμνὸς
649 3463 856 3542 ἐργασάμενος
886 3465 966 3540 μετὰ
987 3473 1045 3525 τῶν
1065 3467 1183 3528 οἰκετῶν
1202 3463 1295 3526 ἐσθίει
1315 3465 1368 3527 τὸν
1389 3460 1467 3528 atriu

306 3565 396 3641 ἄρτον
417 3564 489 3640 ἐμοῦ
509 3565 681 3639 καθήμενος
700 3562 749 3625 καὶ
769 3566 841 3621 πίνει
862 3560 914 3621 τὸν
934 3558 1021 3621 αὑτὸν
1041 3553 1139 3622 οἷνσν.”
1172 3579 1174 3584 ’

342 3663 357 3723 Ι)
372 3661 466 3710 Colum.
484 3661 506 3718 Ι,
523 3661 596 3724 praei.
615 3661 653 3708 15.

337 3747 358 3806 ²)
375 3745 430 3802 XII,
448 3745 520 3809 prael.
539 3744 562 3792 9.

336 3829 357 3890 ⁸)
374 3829 453 3892 Marq.
471 3826 586 3876 Privata
602 3842 654 3890 pag.
673 3827 721 3874 142
739 3842 802 3889 seqq.

335 3914 353 3972 ⁴)
374 3912 440 3961 PIIn.
459 3911 488 3959 N.
508 3911 540 3958 H.
557 3909 668 3966 XXXIII,
688 3909 710 3965 1,
729 3909 768 3957 26.
804 3911 930 3957 Servorum
948 3924 1073 3957 numerum
1090 3913 1169 3957 tamen
1187 3909 1275 3959 sensim
1284 3909 1408 3960 minutum
1416 3923 1465 3964 csse,

301 4012 357 4046 eum
377 3995 458 4044 minus
474 3995 608 4057 frequentes
626 3992 719 4040 venales
736 3992 926 4055 producerentur,
944 3991 1007 4040 infra
1024 3991 1108 4040 docebo
1128 3996 1188 4056 (pag.
1205 3993 1254 4053 55).

336 4080 353 4138 ὓ)
372 4077 524 4140 SIttcngesch.
544 4077 616 4124 Rome
633 4076 680 4124 ΙΙΙ6
699 4091 750 4138 pag.
769 4075 783 4122 6
801 4091 863 4138 seqq.

334 4165 352 4222 θ)
382 4161 436 4210 Non
454 4175 548 4210 ornnem
565 4163 626 4207 certe
643 4159 726 4207 luxum
744 4158 881 4205 damnosum
900 4173 947 4205 esse
965 4158 1011 4206 iam
1028 4158 1134 4222 antiquis
1150 4158 1252 4222 patuisse
1261 4159 1364 4210 videtur.
1398 4159 1463 4210 Athe·

299 4268 371 4302 naeus
398 4251 463 4298 enim
489 4248 560 4297 verba
585 4247 665 4300 laudat
690 4245 823 4294 Heraclidis
849 4245 943 4294 Pontici
961 4248 1055 4308 (Athen.
1074 4248 1128 4304 XII,
1147 4251 1186 4310 5)2
1211 4245 1252 4309 ,soi
1270 4243 1403 4316 τύραννοι
1421 4237 1462 4306 καὶ
