3040 5134
608 583 672 648 103

62 755 157 832 opibus
186 757 351 814 instructam
383 764 411 816 et
441 762 617 830 cumulatam,
644 767 759 818 naturae
791 763 1017 826 consentaneam,
1043 757 1161 814 valebat.
1185 775 1218 814 ex

62 836 108 892 hae
129 842 221 894 tamen
242 844 308 895 nata
328 838 377 895 illa
398 846 440 898 θεῖ
460 843 660 899 convenienter
679 840 791 898 rationi.
814 859 877 896 eum
891 837 967 896 enim
979 837 1137 894 subsidium
1150 837 1223 894 illud

62 917 134 973 lieret
163 917 252 992 magis
284 937 316 973 ao
349 920 438 994 magis
455 928 601 979 externum
623 941 654 978 ac
675 921 872 996 longinquum,
894 919 998 995 partim
1020 917 1224 993 supportandis

61 996 93 1052 iis
121 996 222 1072 quibus
244 997 373 1072 egebant,
395 1001 497 1076 partim
519 1002 701 1078 exportandis
723 1001 825 1077 quibus
847 998 1038 1065 abundabant,
1061 997 1225 1054 necessario

61 1077 133 1132 numi
161 1097 227 1134 usus
255 1085 430 1154 comparatus
461 1087 511 1138 est.
544 1102 601 1138 non
623 1082 699 1138 enim
721 1081 812 1137 facilis
835 1085 876 1136 est
897 1079 933 1136 ad
954 1078 1128 1154 portandum
1152 1096 1223 1134 una·

62 1174 180 1232 quaeque
201 1176 296 1214 earum
317 1177 409 1217 rerum
430 1180 501 1236 quae
523 1169 588 1218 sunt
608 1161 781 1218 necessariae
802 1166 910 1216 natura.
933 1163 1104 1235 quapropter
1125 1157 1225 1214 adres

62 1237 258 1294 contrahendas
290 1239 344 1295 tale
376 1239 512 1316 quiddam
543 1243 578 1298 de
600 1241 742 1298 communi
763 1239 903 1296 sententia
924 1238 1129 1294 constituerunt
1151 1236 1225 1293 inter

62 1334 87 1372 se
116 1317 179 1374 dare
212 1323 240 1374 et
271 1319 406 1394 accipere,
434 1321 511 1396 quod
532 1341 595 1378 cum
616 1327 688 1378 esset
710 1339 725 1377 θ
746 1338 862 1376 numero
884 1337 976 1375 rerum
998 1318 1119 1386 utilium,
1142 1336 1222 1373 usum

62 1395 169 1454 haberet
199 1398 374 1455 tractabilem
404 1419 436 1456 ac
457 1399 568 1458 facilem
590 1402 625 1458 ad
646 1401 732 1458 vitam
753 1399 932 1474 degendam;
954 1398 1036 1473 quale
1057 1403 1100 1454 est
1120 1396 1225 1453 ferrum

62 1481 86 1531 et
103 1483 248 1551 argeutum
270 1484 298 1534 et
318 1479 342 1534 si
363 1479 433 1555 quid
453 1482 508 1537 tale
529 1481 607 1538 aliud
627 1489 677 1549 est,
699 1481 790 1557 primo
811 1479 927 1556 quidem
938 1477 1104 1553 simpliciter
1116 1477 1224 1551 magni·

62 1556 151 1612 tudine
183 1564 211 1615 et
231 1559 357 1634 pondere
379 1559 536 1630 definitum,
559 1561 595 1618 ad
616 1568 771 1618 extremum
792 1578 857 1616 vero
880 1559 963 1615 etiam
986 1557 1020 1614 ab
1041 1557 1077 1614 iis
1098 1562 1167 1613 nota
1187 1557 1224 1612 si-

62 1641 176 1708 gnatum,
209 1643 240 1695 ut
271 1637 366 1695 labore
388 1640 523 1698 metiendi
545 1661 576 1697 ao
597 1640 775 1716 ponderandi
797 1638 1038 1713 defungerentur:
1060 1643 1127 1692 nota
1149 1636 1225 1692 enirn

63 1715 188 1791 impressa
220 1723 262 1774 est
293 1719 329 1774 ad
360 1725 495 1794 quantum
526 1721 753 1796 significandum.
786 1738 871 1776 numo
902 1718 1046 1792 igiturex
1067 1717 1225 1774 necessaria

62 1797 259 1870 permutatione
299 1806 458 1875 comparato
490 1819 521 1856 ac
552 1801 741 1877 suppeditata,
774 1800 828 1856 alia
860 1798 968 1874 species
1000 1796 1067 1853 artis
1087 1795 1224 1873 pecuniae

62 1877 230 1949 quaerendae
253 1884 313 1934 orta
333 1885 383 1946 est,
406 1886 560 1937 mercatura
582 1881 767 1956 cauponaria;
791 1897 861 1956 quae
883 1878 967 1935 initio
979 1877 1094 1952 quidem
1106 1875 1224 1932 fortasse

62 1954 219 2032 simpliciter
240 1957 427 2026 factitabatur,
450 1967 548 2036 postea
569 1979 635 2018 vero
657 1967 774 2037 propter
796 1978 877 2016 usum
899 1964 927 2014 et
947 1957 1078 2033 peritiam
1093 1955 1224 2012 callidius

64 2034 112 2090 iam
141 2044 224 2113 atque
256 2038 442 2106 artificiosius,
465 2059 526 2096 cum
556 2045 701 2116 quaereret
727 2039 803 2096 unde
825 2045 853 2095 et
873 2037 1015 2114 quomodo
1036 2035 1223 2112 permutando

65 2115 207 2188 plurimum
248 2118 319 2174 lucri
355 2118 466 2176 faceret.
500 2121 632 2196 quocirca
662 2120 774 2177 videtur
805 2138 848 2174 ars
879 2117 1015 2194 pecuniae
1047 2115 1224 2192 quaerendae

66 2196 175 2254 maxime
207 2197 238 2254 in
268 2217 355 2254 numo
386 2200 498 2268 versari,
531 2206 559 2256 et
579 2201 638 2257 eius
660 2219 719 2257 esse
741 2218 850 2266 munus,
872 2198 948 2255 unde
969 2196 1091 2253 maxima
1111 2196 1153 2252 vis
1175 2214 1224 2271 pe-

66 2276 152 2333 cuniae
184 2283 323 2354 suppetat,
355 2279 450 2336 videre
493 2299 524 2336 ac
546 2280 684 2356 dispicere
705 2299 796 2356 posse.
818 2278 993 2334 existimatur
1014 2276 1089 2332 enim
1112 2276 1223 2332 divitia-

65 2373 118 2410 rum
147 2362 174 2414 et
204 2358 386 2433 pecuniarum
417 2379 499 2416 causa
532 2361 654 2417 efficiens
685 2378 754 2416 esse.
786 2357 899 2415 divitias
928 2357 1003 2414 enim
1025 2375 1224 2431 saepenumero

65 2440 179 2494 statuunt
209 2457 358 2494 numorum
390 2440 608 2509 multitudinem,
640 2445 788 2516 propterea
819 2438 896 2514 quod
917 2457 961 2493 ars
982 2436 1117 2512 pecuniae
1139 2454 1223 2511 quae-

66 2516 158 2574 rendae
194 2524 222 2574 et
248 2525 403 2575 mercatura
434 2521 604 2596 cauponaria
634 2521 663 2576 in
697 2520 749 2576 hac
769 2524 970 2575 reversantur.
992 2516 1135 2573 interdum
1157 2534 1223 2572 vero

66 2601 150 2652 contra
179 2598 359 2672 nugatorium
387 2599 523 2674 quiddam
544 2600 655 2657 videtur
676 2619 736 2656 esse
756 2617 867 2666 numus,
890 2603 917 2654 et
939 2598 1000 2671 lege
1020 2614 1134 2672 prorsus
1156 2614 1222 2651 con-

66 2679 136 2744 stare,
157 2678 250 2734 nullus
272 2686 364 2735 autem
385 2685 492 2747 natura,
514 2681 581 2755 quia
602 2679 660 2748 ubi,
683 2680 731 2754 qui
752 2697 785 2735 θο
807 2682 932 2746 utuntur,
955 2696 1017 2734 eum
1029 2676 1221 2744 immutarunt,

66 2754 139 2812 nihili
158 2762 200 2814 θεῖ
220 2777 312 2834 neque
334 2758 472 2815 adullam
493 2778 552 2816 rem
573 2760 754 2816 necessariam
777 2758 930 2834 parandam
951 2762 993 2813 est
1003 2756 1089 2822 utilis,
1102 2761 1129 2811 et
1140 2774 1222 2831 saepe

67 2836 165 2893 evenire
186 2843 280 2913 potest
299 2844 331 2895 ut
351 2838 375 2894 is
397 2839 445 2914 qui
466 2840 559 2896 numis
581 2839 757 2906 circumfluit,
779 2837 863 2894 rebus
884 2836 920 2893 ad
941 2837 1045 2892 victum
1056 2834 1221 2892 necessariis

67 2921 144 2986 egeat.
165 2918 242 2993 atqui
263 2917 415 2974 absurdum
436 2925 477 2976 est
498 2921 566 2976 tales
588 2939 647 2976 esse
667 2919 789 2985 divitiae,
813 2917 915 2993 quibus
933 2916 982 2991 qui
1003 2915 1136 2983 abundat,
1148 2914 1221 2972 fame

67 2995 193 3066 periturus
224 3004 284 3065 est;
316 2999 553 3073 quemadmodum
573 3006 601 3057 θῖ
621 2999 731 3056 Midam
751 2999 832 3055 illum
853 2996 1021 3064 fabulantur,
1044 3015 1106 3051 cum
1127 2995 1222 3052 omnia

69 3091 128 3146 quae
149 3077 174 3132 ei
195 3077 418 3154 apponebantur,
440 3085 555 3154 propter
576 3086 702 3156 optatum
722 3077 895 3153 inexplebile
917 3095 1001 3132 aurea
1023 3077 1128 3132 fierent.
1152 3095 1220 3150 quo-

69 3152 131 3209 circa
160 3157 226 3213 alias
258 3163 397 3232 quaerunt
416 3159 529 3216 divitias
550 3160 689 3235 aliamque
709 3158 845 3235 pecuniae
866 3156 1042 3231 quaerendae
1064 3155 1220 3223 rationem;

8 3295 9 3300 ἵ
69 3240 92 3287 θῖ
117 3237 211 3294 merito
239 3243 395 3312 quaerunt:
417 3239 472 3294 alia
492 3240 567 3295 enim
588 3240 724 3314 pecuniae
745 3236 920 3314 quaerendae
941 3236 1012 3292 ratio
1033 3241 1075 3292 est
1095 3235 1221 3310 aliaeque

69 3310 179 3384 divitiae,
210 3336 312 3393 nempe
342 3323 457 3374 naturae
479 3326 664 3393 congruentes
684 3325 712 3376 et
733 3323 944 3374 consentaneae.
966 3321 1049 3391 atque
1070 3315 1138 3371 haec
1160 3316 1221 3390 qui·

71 3390 126 3448 dem
154 3396 188 3452 ad
208 3397 346 3453 rationem
368 3397 409 3454 rei
431 3398 576 3456 familiaris
598 3399 718 3456 tuendae
739 3399 880 3474 pertinet:
899 3397 948 3452 illa
969 3401 1061 3452 autem
1082 3414 1221 3470 caupona·

71 3471 106 3526 ria
124 3482 170 3542 est,
191 3495 262 3552 quae
283 3477 419 3552 pecuniae
440 3479 566 3535 effectrix
587 3486 706 3536 estnon
728 3477 920 3544 omnimodo,
942 3475 992 3532 sed
1012 3476 1148 3551 pecuniae
1159 3494 1221 3550 per-

72 3555 219 3613 mutatione.
252 3564 280 3613 et
311 3557 422 3613 videtur
442 3558 511 3614 haec
531 3560 563 3615 in
583 3578 668 3615 nrrmo
690 3559 812 3615 versari:
834 3575 935 3612 numrrs
957 3555 1033 3612 enim
1054 3556 1222 3611 elementum

73 3636 96 3685 et
122 3640 269 3692 extremum
292 3643 334 3693 est
352 3639 575 3713 permutationis.
599 3639 726 3695 infinitae
748 3638 834 3711 igitur
856 3642 921 3692 sunt
940 3635 992 3690 hae
1014 3635 1129 3691 divitiae
1151 3653 1222 3709 quae

73 3708 101 3763 ab
120 3711 167 3768 hac
186 3716 322 3790 pecuniae
344 3719 519 3791 quaerendae
541 3720 649 3775 ratione
664 3719 886 3794 proficiscuntur.
899 3714 1135 3791 quemadmodum
1147 3714 1223 3770 enim

74 3791 199 3851 medicina
228 3796 348 3852 sanandi
380 3798 482 3872 cupida
513 3805 555 3854 est
585 3819 672 3874 usque
704 3799 733 3854 in
765 3797 908 3853 inlinitum
928 3800 956 3850 et
976 3811 1158 3868 unaquaeque
1180 3813 1224 3848 ars

75 3868 146 3927 finem
166 3893 242 3932 suum
265 3877 374 3950 expetit
393 3877 422 3933 in
444 3877 611 3935 immensum
634 3884 728 3954 (quarn
749 3877 869 3933 maxime
891 3874 967 3930 enim
988 3873 1068 3928 illum
1089 3873 1224 3947 consequi

75 3954 97 4036 et
124 3952 224 4012 efficere
256 3956 335 4028 vult),
361 3975 394 4012 ea
425 3963 517 4014 autem
539 3978 612 4033 quae
631 3959 667 4014 ad
689 3959 773 4014 finem
794 3955 945 4031 pertinent,
967 3971 1024 4008 non
1047 3951 1225 4027 persequitur

76 4029 172 4088 infinite
200 4035 343 4108 (omnibus
375 4037 451 4092 enim
483 4037 588 4094 artibus
623 4039 686 4094 finis
709 4043 751 4093 est
772 4034 946 4103 extremum),
967 4032 1008 4088 ita
1029 4039 1057 4088 et
1077 4031 1159 4088 huius
1180 4051 1224 4087 ra-

76 4106 150 4166 tionis
177 4116 311 4188 pecuniae
342 4117 518 4192 quaerendae
550 4119 613 4174 linis
634 4119 741 4174 nullum
762 4114 847 4171 habet
867 4120 1030 4169 extremum.
1053 4112 1112 4168 eius
1134 4117 1226 4168 autem

77 4188 178 4248 rationis
198 4196 260 4252 finis
282 4202 347 4253 sunt
368 4197 436 4253 tales
458 4197 573 4254 divitiae
595 4203 623 4254 et
642 4197 823 4274 pecuniarum
844 4192 993 4269 possessio.
1005 4191 1122 4250 rationis
1134 4197 1226 4248 autem

80 4270 186 4328 tuendae
214 4277 255 4332 rei
276 4275 432 4344 familiaris,
464 4295 522 4333 non
546 4278 663 4335 rationis
684 4275 819 4353 pecuniae
841 4272 1026 4348 quaerendae,
1048 4271 1164 4347 aliquod
1184 4277 1227 4329 est
