3122 5130
863 590 882 652 2

290 770 529 857 prospicerent,
567 777 917 855 cognoscerenturque
949 772 1100 847 eventus,
1126 768 1184 854 qui
1212 767 1309 833 illam
1338 790 1455 834 curam

290 883 396 949 secuti
430 889 518 948 sunt.
565 882 666 947 Hanc
690 881 956 968 disputationem
979 902 1049 945 non
1072 880 1257 946 extendam
1280 881 1324 946 ad
1347 881 1456 946 Chris·

290 995 384 1062 tiana
417 1002 581 1081 tempora,
618 995 699 1081 quia
722 995 848 1060 Christi
871 995 1026 1060 doctrina
1048 1015 1129 1058 cum
1151 995 1304 1080 primum
1327 1001 1457 1060 mentes

290 1107 402 1174 imbut
388 1115 442 1173 tae
487 1114 575 1187 sunt,
623 1107 806 1172 hominum
852 1128 963 1174 mores
997 1113 1099 1193 atque
1133 1107 1289 1172 instituta
1322 1128 1457 1193 prorsus
1552 1189 1553 1192 Ἴ

291 1227 371 1299 suns
397 1226 622 1299 commutata·

257 1321 318 1399 '':'·.
325 1315 465 1400 ι18111111
489 1313 621 1398 initio
624 1340 774 1430 summat
774 1333 823 1397 im
857 1331 1061 1420 exponenda
1097 1339 1179 1419 puto
1214 1354 1367 1418 eaquae
1392 1333 1456 1398 Ro

247 1475 253 1486 ·
274 1461 499 1542 :marimens
492 1445 652 1572 publicis
672 1447 799 1532 ;privat
801 1447 895 1532 isque
920 1453 972 1512 rat
959 1425 1108 1512 tionibus
1131 1467 1192 1532 pro
1216 1444 1347 1512 uiribus
1371 1445 1454 1510 meis

192 1535 257 1585 ’Ἤ
276 1523 436 1645 ³dllig'er'1l
422 1561 479 1627 111
492 1551 644 1626 1111111111
649 1560 862 1626 confirmari
886 1581 981 1646 posse
1005 1559 1092 1623 1111111
1116 1558 1236 1625 vident
1222 1566 1288 1623 t.ur

246 1701 248 1706 ’
337 1675 417 1740 Ρ111
403 1679 524 1761 tquam
558 1696 577 1740 a
612 1695 732 1758 regum
754 1673 918 1739 dominat
894 1680 986 1738 trone
1010 1672 1047 1736 in
1069 1671 1206 1738 libertat
1156 1678 1262 1737 tatem
1285 1671 1458 1737 vindicata

293 1787 359 1854 suit
402 1809 456 1854 res
499 1787 637 1874 publica
676 1788 843 1868 Romana,
878 1786 1026 1872 amplius
1060 1785 1128 1851 duo
1164 1785 1298 1852 saecula
1331 1785 1459 1851 intesti-

294 1923 380 1967 num
414 1907 586 1967 certarnen
610 1900 653 1965 ad
677 1901 890 1987 quaestiones
913 1900 1083 1987 imprimis
1105 1899 1223 1967 civiles
1243 1902 1460 1967 referendum

295 2021 363 2095 est;
399 2021 438 2079 ut
468 2036 548 2080 curn
582 2014 732 2106 patriciis
766 2014 943 2099 inparem
966 2013 1050 2078 iuris
1073 2013 1311 2080 condicionem
1335 2015 1460 2100 recipe-

295 2133 413 2194 rentur
447 2125 699 2194 contendebant
733 2126 854 2212 plebei.
902 2126 949 2192 At
979 2127 1112 2192 minora
1146 2125 1360 2213 plebeiorum
1387 2127 1461 2191 iura

295 2241 507 2308 occasionem
541 2239 670 2304 dabant
703 2240 852 2325 patriciis
885 2239 961 2305 illos
995 2240 1222 2326 opprimendi.
1269 2241 1459 2318 Testantur,

296 2361 334 2418 ut
363 2353 431 2418 alia
453 2353 619 2433 omittam,
640 2351 777 2417 crebrae
801 2351 893 2436 leges
916 2353 1067 2436 agrariae
1091 2360 1124 2418 et
1150 2353 1325 2418 faenebres
1348 2352 1461 2418 adilla

295 2474 449 2552 tempora
479 2464 684 2531 referendae.
731 2464 810 2530 Non
840 2465 1038 2530 mirandum
1060 2465 1096 2530 id
1118 2467 1232 2552 ipsum
1255 2466 1372 2532 multis
1394 2465 1461 2552 ple·

294 2579 366 2659 bcis
411 2579 512 2644 fuisse
557 2578 821 2643 incitamentum
854 2585 893 2643 ut
927 2579 1112 2644 certamine
1146 2601 1218 2645 non
1251 2579 1459 2659 desisterent,

295 2692 386 2779 quod
429 2714 462 2758 se
497 2692 534 2755 in
569 2690 745 2756 meliorem
780 2712 915 2778 quoque
952 2713 1057 2778 quam
1091 2699 1192 2758 antea
1225 2692 1460 2759 condicionem
1551 2769 1552 2772 Ἴ

295 2807 386 2884 uitae
410 2811 572 2872 venturos
595 2825 664 2870 esse
689 2811 873 2890 sperarent.
920 2805 999 2870 Non
1022 2804 1146 2871 dosunt
1169 2806 1374 2892 scriptorum
1399 2813 1461 2890 tes·
1551 2849 1552 2898 3

292 2919 436 2984 timonis
459 2939 545 3005 quae
569 2917 634 2982 hoc
656 2917 817 2983 indicent.

339 3031 513 3117 Quicquid
547 3030 583 3094 id
616 3036 674 3110 cst,
711 3017 812 3095 nemo
846 3031 910 3096 erit
934 3033 993 3118 qui
1016 3039 1119 3117 neget
1142 3033 1231 3098 circa
1254 3039 1461 3098 externa

293 3143 383 3236 bona
416 3144 589 3229 litigatum
628 3164 707 3224 esse,
744 3164 824 3208 curn
847 3145 1068 3229 patriciorum
1091 3152 1125 3211 et
1147 3145 1360 3232 plebeiorum
1383 3145 1461 3211 iuri·
1550 3159 1551 3180 ³

294 3257 358 3323 bus
393 3256 547 3344 aequatis
580 3277 712 3323 novum
745 3263 919 3322 certarnen
945 3258 1135 3323 tumultum
1158 3259 1289 3326 civitati
1310 3259 1461 3325 iniceret.

294 3369 436 3456 Imperii
459 3368 585 3434 finibus
608 3369 682 3433 int
668 3371 912 3436 transmarinas
935 3379 1041 3437 terras
1064 3371 1183 3458 prolat
1175 3394 1203 3436 rs
1226 3395 1263 3437 111
1275 3394 1348 3458 rpsa
1360 3371 1461 3438 Italia

295 3505 409 3549 rerum
432 3483 585 3549 condicio
608 3503 745 3568 prorsus
768 3490 971 3550 mutatat
922 3493 980 3550 est
1016 3486 1064 3552 Ut
1050 3486 1254 3572 tprincipio
1281 3485 1398 3571 aliqua
1417 3507 1459 3551 ex
1549 3545 1550 3560 ,

294 3603 391 3683 parte
415 3597 468 3661 int
469 3619 505 3662 er
528 3617 562 3662 se
586 3617 684 3682 pares
707 3596 843 3661 fuerant
866 3598 932 3663 fort
918 3598 1020 3676 lunia,
1043 3599 1198 3665 itatunc
1221 3599 1259 3663 in
1281 3599 1367 3664 duas
1380 3599 1461 3665 clas·

296 3732 348 3776 ses
382 3709 492 3777 dividi
526 3715 683 3796 poterant
705 3709 855 3775 Romani
878 3732 1004 3796 magno
1027 3711 1117 3776 inter
1140 3719 1323 3799 utramque
1347 3713 1461 3779 discri-

296 3825 391 3890 mine
425 3823 612 3890 interiecto.
658 3822 843 3890 Servorum
888 3846 1007 3910 greges
1042 3846 1122 3889 cum
1155 3824 1280 3891 liberos
1313 3832 1461 3910 agrestes

293 3943 369 4002 tum
400 3936 537 4024 plebem
559 3934 710 4000 mediam
730 3957 816 4021 quae
841 3944 982 4003 vocatur
1005 3935 1264 4004 submovebant.
1310 3939 1390 4005 Non
1413 3961 1462 4006 so·
1548 4017 1549 4030 χ

294 4050 368 4115 lum
403 4051 497 4116 enim
530 4069 707 4115 servorum
730 4069 816 4135 opus
840 4050 981 4115 minoris
1004 4048 1189 4132 constabat,
1215 4053 1465 4118 verumetiam

294 4185 414 4250 operas
459 4160 654 4250 praebendo
692 4161 802 4242 vitam
836 4170 952 4228 tenere
988 4164 1203 4251 contemptui
1239 4187 1308 4232 esse
1343 4166 1464 4252 coepit.

299 4257 535 4363 ,Opificesque
569 4295 688 4341 omnes
721 4273 759 4339 in
794 4275 932 4344 sordida
966 4283 1037 4344 arte
1061 4285 1260 4345 versantur:
1285 4299 1348 4346 nec
1372 4279 1465 4346 enim
1547 4321 1548 4350 1
