3040 5134
875 541 969 662 el¹

311 794 391 838 cum
425 779 599 839 certamen
634 771 878 839 difficillimum
910 793 990 839 cum
1025 772 1246 859 optimatibus
1269 774 1333 840 sibi
1354 777 1469 842 instare

310 885 532 971 intellegeret,
556 885 627 971 ipse
651 883 815 951 Servilius
838 884 1053 969 rogationem
1075 905 1175 950 suam
1198 885 1336 953 dimisit.

356 997 541 1084 Pompeius
574 1019 618 1064 ex
651 997 733 1063 Asia
766 997 900 1064 rediens
923 1018 984 1083 per
1006 997 1168 1064 Flavium
1189 1019 1289 1083 agere
1312 1000 1423 1086 coepit
1441 1006 1469 1064 ut

312 1110 479 1178 militibus
512 1111 581 1176 suis
603 1110 677 1195 agri
700 1110 964 1194 assignarentur.
1011 1109 1113 1189 Quod
1137 1131 1204 1197 quo
1222 1110 1353 1177 facilius
1375 1112 1468 1198 impe·

310 1229 424 1306 traret,
457 1223 598 1290 Flavius
631 1222 755 1289 adiecit
788 1229 827 1288 ut
862 1223 966 1288 etiam
989 1222 1149 1288 omnibus
1172 1222 1304 1290 civibus
1328 1223 1352 1311 1)
1376 1233 1467 1290 sortes

312 1358 473 1423 agrorum
508 1337 680 1402 darentur.
727 1337 774 1401 At
811 1336 911 1416 ,huic
934 1336 997 1402 toti
1020 1336 1144 1401 rationi
1168 1338 1320 1421 agrariae
1344 1345 1466 1403 senatus

312 1449 565 1532 adversabatur,
589 1449 764 1537 suspicans
787 1449 950 1536 Pompeio
964 1470 1092 1516 novam
1104 1450 1280 1537 quandam
1291 1453 1466 1538 potentiam

313 1565 463 1652 quaeri.’'
477 1563 504 1650 ¹)
527 1563 643 1630 Cicero
659 1562 801 1650 quidem
812 1563 942 1648 rogatio
956 1569 995 1628 ut
1006 1563 1213 1649 perferretur
1225 1585 1364 1650 operam
1376 1565 1464 1644 dedit.
1513 1623 1514 1630 ,

257 1761 259 1766 Ι
313 1678 437 1745 Scribit
470 1677 583 1743 enim:
622 1677 715 1762 „Ego
742 1682 858 1742 autem
881 1697 1114 1761 magnacum
1136 1678 1349 1762 agrariorum
1370 1678 1466 1763 gratia
1513 1701 1514 1708 ¹

311 1789 558 1858 confirmabam
570 1790 727 1856 omnium
738 1789 952 1876 privatorum
964 1790 1190 1876 possessiones
1203 1813 1210 1856 :
1229 1829 1273 1839 -
1285 1791 1314 1856 is
1326 1791 1416 1856 enim
1427 1797 1466 1856 est

311 1911 425 1972 noster
448 1905 625 1985 exercitus,
650 1903 842 1984 hominum,
866 1909 905 1968 ut
927 1909 999 1968 tute
1022 1903 1094 1984 scis,
1111 1902 1466 1990 locupletiumz-po

312 2019 393 2106 pulo
417 2025 533 2085 autem
556 2024 590 2084 et
612 2017 776 2103 Pompeio
801 2054 843 2064 -
866 2038 948 2081 nam
960 2015 996 2081 id
1009 2036 1147 2103 quoque
1161 2016 1466 2083 volebam-satis

309 2133 475 2198 faciebam
510 2131 703 2217 emptione:
730 2151 798 2217 qua
820 2130 1005 2195 constituta
1028 2129 1219 2214 diligenter,
1244 2138 1278 2196 et
1302 2131 1465 2196 sentinam

313 2246 407 2312 urbis
418 2244 594 2311 exhauriri
605 2242 631 2330 8)
651 2249 685 2308 et
696 2242 815 2308 Italiae
828 2242 1050 2308 solitudinem
1063 2244 1273 2330 frequentari
1285 2266 1377 2331 posse
1388 2243 1464 2308 arbi·

312 2360 458 2426 trabar.''
476 2358 502 2445 ⁴)
518 2356 604 2437 „Sed
616 2357 700 2421 haec
712 2362 783 2422 tota
806 2377 858 2421 res
880 2356 1099 2442 interpellata
1122 2356 1212 2422 bello
1226 2357 1429 2423 refrixerat.''
1445 2355 1464 2441 5)

359 2474 411 2538 Ea
442 2492 529 2558 quae
558 2470 682 2534 frustra
716 2470 900 2556 Pompeius
936 2475 1077 2535 conatus
1117 2476 1198 2551 erat,
1225 2469 1347 2552 Caesar
1369 2471 1464 2555 impe·

312 2586 425 2653 travit.
472 2585 506 2649 Is
530 2583 623 2649 enim
657 2604 796 2648 omnem
830 2604 953 2668 agrum
988 2582 1178 2669 publicum,
1215 2584 1274 2671 qui
1308 2585 1346 2648 in
1376 2582 1464 2648 Italia

312 2704 496 2787 supererat,
532 2701 666 2784 praeter
699 2697 917 2782 Campanum
950 2702 1053 2782 atque
1093 2697 1208 2777 etiam,
1233 2702 1272 2762 ut
1295 2694 1465 2783 probabili-

313 2820 365 2879 ter
398 2811 573 2878 contendit
606 2811 742 2896 Zumpt,
759 2808 786 2896 ⁶)
809 2816 943 2895 praeter
967 2830 1131 2895 campum
1154 2809 1331 2876 Stellatem
1353 2808 1463 2887 divisit,

313 2927 417 3014 idque
440 2925 488 2990 ita
525 2930 583 3004 ,ut
616 2944 697 3008 ager
731 2929 909 3004 emeretur,
945 2944 1016 2988 non
1052 2928 1159 3003 tanto,
1196 2929 1325 3010 quanto
1351 2922 1465 2990 vellent

313 3060 475 3127 agrorum
509 3037 681 3117 divisores,
717 3035 809 3121 quod
832 3037 943 3101 suerat
965 3034 1151 3123 aliquando
1174 3028 1414 3124 reprehensum
1432 3034 1464 3096 in

311 3154 386 3240 lege
409 3150 562 3232 Servilia,
586 3150 644 3216 sed
669 3150 789 3237 quanti
811 3149 1008 3215 aestimatus
1024 3155 1116 3215 'esset
1138 3150 1175 3214 in
1194 3150 1352 3236 proximo
1364 3168 1463 3227 censu,
1514 3203 1515 3208 ,

312 3290 375 3334 nec
410 3265 452 3332 ab
487 3263 614 3345 invitia
638 3255 697 3328 sed
719 3284 739 3328 a
762 3262 964 3344 volentibus,
991 3262 1083 3350 quod
1105 3263 1175 3328 iam
1198 3262 1362 3330 Servilius
1383 3281 1465 3354 prae·
1514 3279 1515 3332 ἶ

348 3487 365 3550 ¹)
382 3487 419 3536 Ita
435 3484 522 3549 legitur
530 3481 593 3547 apud
601 3480 702 3528 Dionem
711 3479 819 3528 cassium
828 3479 957 3541 (XXXVII,
971 3478 1009 3537 50,
1021 3480 1060 3541 1):
1081 3466 1146 3534 1)καὶ
1156 3474 1233 3526 πᾶσι
1242 3477 1303 3537 τοῖς
1313 3463 1465 3534 salimes?

312 3573 399 3636 Zumpt
420 3567 447 3632 (l.
464 3567 482 3616 1.
508 3581 559 3630 pag.
587 3563 652 3623 274),
679 3579 750 3627 quern
776 3563 912 3627 Marquerdt
928 3562 955 3626 (l.
973 3561 990 3610 l.
1009 3579 1060 3627 pag.
1080 3563 1137 3624 113)
1155 3567 1179 3612 et
1196 3563 1330 3615 Pthlmann
1348 3569 1375 3626 (o.
1393 3563 1408 3611 l.
1422 3577 1466 3626 pag.

313 3657 360 3706 154
386 3653 439 3702 adn.
463 3653 487 3712 5)
512 3647 585 3697 secuti
611 3651 673 3704 sunt,
691 3647 771 3695 minua
788 3650 891 3694 amurata
909 3646 936 3693 de
953 3645 1003 3694 sola
1020 3645 1089 3710 plebe
1108 3646 1196 3694 urbane
1213 3646 1466 3712 loquitur‚quamquan

314 3740 375 3788 hanc
391 3734 543 3802 potissimum
559 3733 686 3794 respectam
702 3729 776 3777 fuisse
793 3728 861 3777 facile
878 3728 1023 3777 crediderim.

350 3821 370 3883 ²)
389 3819 438 3869 Cic.
456 3817 494 3866 Ad
511 3817 560 3864 Att.
577 3813 597 3872 1,
617 3812 655 3871 19,
676 3814 701 3860 4.

346 3904 366 3966 Ι)
386 3901 499 3952 Attendar
525 3894 673 3947 vocabulum.
700 3893 747 3942 Illo
773 3894 824 3958 ipso
841 3911 895 3943 cum
917 3893 1003 3942 Rullus
1021 3910 1078 3943 usus
1095 3898 1154 3944 esset
1170 3896 1196 3944 in
1213 3895 1290 3944 simili
1308 3911 1338 3955 re,
1355 3895 1430 3944 Cicero
1443 3890 1469 3938 ad

311 3988 371 4037 iram
396 3983 542 4035 excitandam
568 3979 638 4028 verbe
662 3978 688 4025 in
721 3977 810 4026 malem
826 3981 915 4042 partem
932 3977 1071 4026 detorseratl
1108 3977 1167 4026 Vide
1184 3978 1234 4028 Cic.
1253 3977 1289 4026 De
1304 3978 1359 4042 Ieg.
1379 3991 1423 4040 agr.
1439 3972 1468 4030 ll,

316 4071 357 4129 26,
376 4068 415 4122 70.
433 4067 469 4116 De
485 4065 529 4114 boo
546 4079 570 4112 re
587 4062 616 4110 cf.
634 4060 705 4109 etiem
724 4059 810 4108 Pdhlm
836 4059 853 4108 l.
871 4059 888 4109 l.
906 4076 957 4124 pag.
977 4060 1032 4109 154.

348 4154 368 4215 ⁴)
385 4151 436 4201 Cic.
453 4149 492 4199 Ad
508 4150 557 4197 Aa.
575 4144 593 4194 l.
610 4145 627 4194 l.

267 4233 270 4239 ’
354 4237 373 4298 ⁸)
394 4235 457 4284 Ibid.

352 4321 372 4383 ⁸)
390 4319 450 4368 Vide
466 4333 521 4367 eum
538 4315 556 4366 1.
577 4314 594 4363 l.
611 4329 663 4379 pag.
681 4310 737 4364 278.
