3122 5130
807 627 866 692 ’60

266 805 392 892 herbis)
415 827 551 893 quoque
575 807 691 894 aliqua
714 807 777 872 sibi
802 809 895 873 nasci
918 808 1027 874 tribus
1051 812 1179 891 negant
1201 799 1299 871 caule
1315 807 1353 870 in
1365 811 1450 871 tan-

267 926 342 984 tum
365 920 518 1004 saginato
544 926 594 984 ut
616 921 853 1006 pauperis
875 943 1037 987 mensa
1060 941 1152 985 non
1176 919 1388 1005 capiat?''
1417 918 1447 1005 ¹)

265 1023 462 1098 Piihlmann
474 1033 499 1120 Ξ)
522 1040 639 1098 tamen
652 1041 739 1099 recte
753 1056 892 1100 monere
905 1035 1020 1100 inillis
1043 1033 1157 1100 verbis
1169 1033 1312 1098 minime
1325 1033 1443 1098 inesse

266 1146 358 1233 quod
385 1146 578 1212 Rodbertus
601 1147 680 1212 inde
705 1169 823 1232 cogere
848 1155 1000 1230 conatur,
1025 1149 1159 1234 cuique,
1185 1147 1314 1233 opinor,
1341 1153 1445 1233 pate-

266 1259 316 1325 bit
350 1260 410 1346 qui
443 1259 582 1325 alterius
616 1261 737 1327 saltem
771 1261 837 1327 loci
871 1269 1071 1328 contextum
1094 1261 1223 1346 legerit.
1270 1260 1443 1326 Laudatis

266 1372 380 1439 verbis
419 1373 504 1439 haec
539 1375 767 1441 antecedunt:
796 1377 1011 1455 ,Ferendum
1034 1397 1113 1441 sane
1138 1375 1240 1440 fuerit
1263 1374 1443 1460 exquisita

267 1487 360 1552 nasci
397 1508 509 1572 poma,
546 1487 612 1553 alia
648 1510 776 1575 sapore,
812 1489 876 1555 alia
907 1489 1156 1574 magnitudine,
1180 1487 1247 1554 alia
1271 1493 1440 1568 monstro,

267 1600 475 1686 pauperibus
498 1601 687 1683 interdicta,
713 1604 896 1670 inveterari
919 1604 1002 1669 vina
1025 1603 1195 1689 saccisque
1209 1601 1355 1681 castrari,
1369 1623 1440 1667 nec

170 1803 171 1806 Ἴ
266 1713 430 1799 cuiquam
467 1715 551 1780 adeo
585 1715 725 1801 longam
760 1740 829 1784 esse
864 1718 973 1784 vitam
1005 1723 1045 1780 ut
1067 1738 1139 1782 non
1160 1721 1239 1781 ante
1263 1737 1295 1780 se
1319 1715 1445 1799 genita

267 1832 369 1913 potet,
394 1828 748 1917 efrugibusquoque
773 1831 947 1916 quendam
969 1829 1118 1895 halitum
1140 1828 1205 1894 sibi
1228 1829 1442 1913 excogitasse

267 1939 453 2022 luxuriam,
479 1964 518 2008 ac
546 1943 698 2009 medulla
718 1952 854 2009 tantum
881 1965 1000 2009 earum
1027 1964 1196 2029 superque
1213 1943 1443 2028 pistrinarum

267 2053 425 2141 operibus
449 2062 482 2120 et
506 2056 685 2122 caelaturis
709 2059 835 2137 vivere,
861 2057 927 2122 alio
946 2078 1034 2143 pane
1047 2077 1237 2142 procerum,
1252 2055 1438 2140 aliovolgi,

266 2175 316 2234 tot
338 2168 521 2252 generibus
544 2191 651 2256 nsque
676 2171 720 2236 ad
732 2171 889 2236 infimum
901 2169 1037 2257 plebem
1050 2170 1274 2236 descendente
1286 2190 1439 2235 annona.

267 2282 414 2347 etiamne
437 2282 474 2356 in
497 2282 612 2348 herbis
635 2283 817 2349 discrimen
840 2285 1022 2350 inventum
1045 2290 1103 2364 est,
1117 2273 1265 2368 opesque
1278 2282 1441 2350 differen-

267 2396 353 2460 tiam
375 2396 483 2461 fecere
507 2397 543 2460 in
567 2395 642 2461 cibo
666 2397 770 2462 etiarn
793 2419 863 2462 uno
887 2420 958 2463 asse
983 2397 1142 2463 venali?''
1167 2397 1222 2462 Ex
1245 2397 1298 2460 his
1321 2395 1440 2462 verbis

267 2509 429 2595 omnique
473 2515 635 2575 contextu
658 2511 819 2577 discimus
842 2513 1078 2577 Romanorum
1102 2511 1241 2576 Croesos
1264 2510 1441 2576 alimentis

267 2622 467 2708 vulgaribus
490 2623 610 2710 spretis
633 2623 781 2689 sollertia
805 2625 954 2711 quadam
966 2624 1123 2689 luxuriae
1136 2623 1441 2707 generosissimum

267 2757 306 2802 ac
331 2737 543 2802 rarissimum
567 2737 718 2824 quidque
744 2739 942 2824 captavisse.
989 2739 1086 2803 Talia
1109 2736 1317 2824 pauperibus
1332 2737 1440 2803 fuisse

267 2850 434 2934 denegata
470 2872 530 2936 per
564 2873 598 2916 se
633 2850 852 2936 intellegitur.
901 2853 947 2917 At
973 2859 1109 2916 tantum
1131 2851 1247 2916 aberat
1271 2856 1308 2914 ut
1331 2849 1442 2916 etiarn

268 2963 424 3048 vulgaria
453 2985 579 3047 genera
602 2986 721 3050 parare
746 2987 816 3030 non
839 2972 984 3052 possent,
1009 2972 1047 3030 ut
1070 2967 1140 3052 ipse
1164 2963 1297 3029 Plinius
1319 2963 1442 3048 loqua-

267 3084 323 3141 tur
346 3077 387 3142 de
415 3077 509 3157 „cibo
531 3098 602 3142 uno
625 3099 696 3142 asse
720 3079 866 3144 venali.''
913 3079 1073 3145 Ceterum
1096 3078 1257 3165 equidem
1282 3076 1441 3142 Plinium

267 3191 381 3254 minus
415 3191 455 3255 de
473 3168 475 3174 Ι
496 3191 574 3256 solis
609 3191 787 3276 egentibus
821 3215 919 3277 agere
944 3193 1053 3273 credo,
1079 3191 1248 3278 quamde
1276 3189 1442 3256 universa

270 3302 367 3389 plebe
391 3305 447 3369 cui
470 3299 692 3390 opponuntur
714 3306 938 3392 locupletium
960 3307 1124 3372 lautitiae.
1149 3304 1175 3391 ³)

311 3417 381 3482 Nee
406 3417 515 3502 magis
537 3418 624 3482 mihi
647 3420 834 3505 persuadeo
858 3421 921 3485 hae
941 3419 1082 3506 quidem
1093 3420 1130 3483 in
1141 3441 1177 3484 re
1190 3418 1441 3505 pauperiorum

268 3537 393 3595 sortem
426 3531 556 3596 Romae
580 3531 680 3598 valde
704 3534 805 3598 fuisse
829 3535 1001 3620 iniquam,
1017 3533 1144 3618 legenti
1167 3555 1207 3598 ea
1231 3553 1318 3618 quae
1342 3531 1441 3597 Frie-

271 3643 413 3709 dlatnder
447 3644 563 3710 scribit
598 3645 640 3711 de
675 3647 876 3712 inferiorum
911 3648 1071 3713 ordinum
1094 3645 1237 3712 cibariis.
1258 3645 1294 3731 4)Ι
1308 3644 1438 3728 Fabae,

302 3856 320 3916 ¹)
338 3857 399 3906 Ibid.
417 3857 480 3916 XIX,
502 3861 525 3917 4,
544 3862 583 3909 54.

301 3939 320 3999 2)
337 3925 465 3988 llbervitllr.
483 3958 534 4005 pag.
553 3943 592 3995 70.

300 4021 319 4075 ³)
338 4022 372 4069 De
397 4023 440 4070 hac
466 4040 490 4071 re
513 4026 629 4089 copiosius
647 4032 739 4076 acturus
757 4043 818 4084 sum,
836 4027 876 4074 ubi
894 4027 970 4074 dicam
988 4027 1015 4074 de
1034 4043 1078 4073 usu
1096 4023 1203 4072 vocabuli
1221 4040 1243 4086 q.
1261 4039 1279 4070 e.
1299 4023 1382 4070 tribas.
1403 4024 1443 4073 cf.

266 4104 332 4151 Libri
351 4105 375 4151 ΙΙ
393 4105 469 4169 Caput
486 4108 513 4155 de
532 4109 593 4157 Cura
610 4126 715 4161 annonae
733 4114 755 4157 ct
772 4111 800 4157 de
816 4109 1054 4157 l'rrimentationibua

300 4187 317 4246 ⁴)
335 4187 494 4236 l‘riedltnderi
523 4191 592 4239 verba
618 4193 673 4240 haec
699 4197 754 4239 sunt
781 4192 942 4253 (Sittengescb
960 4193 1031 4238 Roms
1055 4192 1077 4239 li
1095 4207 1146 4254 pag.
1166 4191 1238 4248 295);
1259 4189 1363 4251 „Ausser
1381 4190 1444 4239 Brot

266 4284 314 4315 urar
330 4269 368 4316 die
386 4270 519 4334 Hanptkost
536 4274 577 4320 der
594 4279 676 4322 untern
696 4275 793 4321 Klasscn
812 4275 925 4330 Gemino,-
937 4274 1080 4323 nornontlich
1095 4275 1191 4321 Bohnen
1210 4273 1258 4319 und
1268 4271 1352 4318 ltiibcn
1362 4272 1444 4332 qboide

268 4352 432 4416 „blittagessen
452 4356 493 4403 der
511 4357 701 4417 Handwerker''),
720 4358 814 4415 Linsen,
832 4358 956 4414 Zwiebeln,
976 4359 1122 4416 Knoblaurh,
1140 4357 1229 4404 Erbsen
1247 4347 1373 4416 (undenen
1384 4374 1443 4408 inan
