3040 5134
772 475 773 479 '
822 507 886 572 104

268 695 431 747 extremum.
454 708 511 746 non
533 689 609 746 enim
630 695 673 746 θεῖ
690 687 744 744 hoe
763 686 881 745 rationis
902 686 1023 744 tuendae
1044 686 1085 744 rei
1097 686 1244 745 familiaris
1255 707 1365 756 munus,
1377 705 1435 744 rem

268 789 369 844 augere
393 814 697 828 ...........
715 779 716 782 ’
1269 839 1272 846 ¹

310 851 389 926 (Cap.
413 853 471 921 10.)
494 849 599 906 Videre
620 855 651 906 ut
670 847 789 925 pecunia
811 853 948 923 suppetat,
971 847 1065 923 aliqua
1075 847 1184 904 ratione
1196 853 1238 905 est
1249 847 1309 904 eius
1320 848 1368 924 qui
1381 866 1437 903 rem

270 930 436 986 familiarem
457 935 550 986 tuetur
577 935 659 1004 atque
681 927 868 994 administrat,
880 927 974 1002 aliqua
993 928 1102 984 ratione
1113 947 1171 984 non
1184 935 1234 997 est,
1246 929 1297 984 sed
1309 928 1374 984 artis
1387 927 1435 982 rni-

270 1011 374 1067 nistrae
395 1015 424 1066 θῖ
444 1009 652 1066 subservientis.
674 1008 795 1064 maxime
818 1013 918 1074 autem,
941 1008 1177 1082 quemadmodum
1194 1014 1258 1065 anta
1271 1009 1435 1073 dictumest,

271 1109 332 1146 eam
352 1095 463 1165 praesto
484 1107 544 1146 esse
565 1095 676 1164 oportet
695 1094 802 1145 natura.
824 1092 939 1143 naturae
960 1088 1036 1143 enim
1047 1107 1148 1144 munus
1159 1095 1201 1145 est
1211 1089 1315 1145 victum
1326 1089 1351 1145 ei
1362 1086 1437 1162 quod

270 1175 446 1246 procreatum
468 1175 509 1226 θεῖ
524 1169 677 1245 praebere:
700 1167 778 1224 omni
799 1167 874 1222 enim
896 1167 964 1235 eius,
986 1168 1061 1224 unde
1083 1168 1179 1236 oritur,
1201 1169 1342 1244 reliquum
1351 1169 1437 1224 victus

272 1256 322 1307 est.
356 1268 441 1326 quare
472 1267 504 1306 ea
524 1249 660 1325 pecuniae
681 1247 857 1323 quaerendae
874 1248 945 1303 ratio
966 1253 1081 1304 naturae
1102 1255 1291 1305 consentanea
1312 1246 1437 1306 omnibus

272 1335 322 1398 θεῖ,
345 1348 416 1405 quae
436 1334 479 1386 θεῖ
500 1347 515 1384 a
535 1327 672 1386 fructibus
694 1333 721 1384 et
741 1326 917 1383 animalibus.
940 1347 1000 1383 curn
1024 1328 1060 1385 sit
1071 1334 1163 1385 autem
1175 1348 1206 1384 ea
1218 1329 1333 1404 duplex,
1345 1345 1436 1403 quem·

273 1409 425 1467 admodum
457 1408 589 1476 diximus,
622 1414 650 1465 et
680 1408 766 1464 altera
797 1407 912 1482 quidem
943 1407 980 1464 sit
1010 1409 1188 1483 cauponaria,
1217 1410 1304 1465 altera
1324 1409 1359 1464 ad
1379 1425 1434 1462 rem

274 1489 442 1546 familiarem
473 1488 606 1545 tuendam
637 1487 801 1564 pertinens;
824 1493 852 1543 et
871 1487 940 1543 haee
962 1488 1078 1563 quidem
1098 1489 1256 1545 necessaria
1277 1489 1314 1544 sit
1334 1493 1360 1544 et
1379 1487 1435 1542 lau-

274 1571 364 1637 detur,
395 1569 445 1625 illa
477 1575 577 1636 autem,
610 1587 680 1644 quae
711 1567 742 1624 in
762 1567 968 1643 permutatione
989 1568 1068 1624 numi
1088 1568 1224 1636 consist't,
1246 1568 1346 1624 merito
1367 1566 1435 1623 vit-

274 1655 386 1726 peretur
417 1653 485 1723 (non
517 1648 593 1705 enim
613 1654 728 1705 naturae
749 1655 937 1704 consentanea
958 1652 1007 1716 θεῖ,
1029 1649 1079 1705 sed
1100 1649 1131 1704 in
1152 1667 1185 1705 ea
1204 1649 1274 1704 alter
1299 1648 1334 1705 ab
1354 1647 1436 1703 altero

274 1732 382 1787 luorum
403 1733 575 1804 aucupatur),
598 1729 704 1805 optima
724 1728 832 1784 ratione
854 1726 984 1783 omnibus
1005 1727 1035 1783 in
1058 1729 1124 1784 odio
1145 1734 1187 1785 est
1196 1729 1268 1785 ratio
1280 1726 1434 1792 feneratrix,

275 1810 352 1886 quod
383 1809 418 1866 ab
449 1809 511 1885 ipso
542 1828 628 1866 numo
660 1816 791 1885 quaestus
816 1808 871 1864 ⁴liat
898 1812 926 1863 et
946 1826 1004 1863 non
1026 1809 1062 1866 ad
1083 1827 1167 1883 quam
1188 1828 1247 1865 rem
1268 1814 1376 1885 paratus
1398 1809 1437 1862 est

275 1895 418 1966 usurpent.
441 1889 656 1965 permutationis
677 1888 752 1944 enim
774 1887 864 1962 gratia
885 1893 966 1943 natus
987 1894 1037 1956 est,
1059 1887 1141 1944 lenus
1162 1891 1255 1945 autern
1277 1908 1340 1946 eum
1360 1890 1437 1960 auget

276 1975 305 2027 θῖ
335 1970 511 2046 multiplicat.
544 1970 620 2027 unde
651 1969 735 2026 etiam
766 1967 841 2043 apud
872 1967 993 2023 Graecos
1024 1969 1078 2024 hoo
1099 1987 1201 2026 noman
1222 1969 1328 2045 reperit
1347 1965 1437 2041 (τόν-ος

277 2050 352 2107 enim
387 2070 403 2106 a
433 2049 579 2126 pariendo,
612 2050 689 2124 quod
710 2048 754 2105 illi
774 2048 873 2104 dicunt
892 2049 1010 2116 τίκτειν,
1032 2049 1163 2118 manavit,
1185 2055 1213 2105 et
1233 2049 1309 2125 apud
1329 2047 1437 2104 Latinos

277 2131 359 2187 fenus
391 2149 407 2186 a
438 2130 525 2201 letul:
549 2129 653 2186 similia
673 2129 747 2185 enim
770 2133 836 2185 sunt
856 2145 888 2183 aa
909 2146 980 2202 quae
1000 2129 1155 2203 pariuntur,
1176 2129 1213 2185 iis
1234 2148 1306 2205 quae
1327 2129 1438 2202 gignunt

278 2216 306 2268 θῖ
336 2214 492 2286 procreant.
524 2209 554 2265 in
586 2209 683 2265 fenora
714 2214 805 2264 autem
836 2207 956 2282 pecunia
976 2209 1111 2283 pecuniae
1132 2213 1228 2285 partus
1250 2228 1281 2265 ac
1302 2208 1371 2265 fetus
1391 2209 1436 2261 θεῖ.

279 2296 451 2366 quapropter
482 2289 603 2345 maxime
635 2288 760 2344 omnium
792 2287 968 2363 quaerendae
998 2289 1134 2364 pecuniae
1155 2288 1295 2345 rationum
1318 2287 1438 2344 abhorret

278 2371 347 2428 haec
369 2367 529 2426 enatura.''

324 2527 522 2594 Aristoteles
551 2527 720 2593 rationem
743 2528 937 2594 naturalem
960 2528 1147 2615 (οἰκονομική)
1171 2550 1191 2593 a
1215 2529 1345 2594 ratione
1368 2526 1438 2592 arti·

281 2643 397 2708 fioiosa
420 2641 672 2729 (χρηματιστικὴ)
696 2642 878 2726 seiungens
900 2681 944 2691 —
967 2643 1004 2706 in
1027 2642 1086 2707 illa
1110 2647 1227 2707 autem
1250 2643 1369 2729 quanti
1380 2641 1438 2706 sin-

280 2756 380 2842 gulae
404 2777 457 2820 res
480 2756 547 2820 sint
571 2755 770 2820 aestimatur
797 2778 840 2821 ex
864 2757 1123 2842 consumptione
1144 2751 1436 2842 (pebruilcawaordal

281 2872 318 2935 in
353 2871 417 2935 hao
442 2891 485 2934 ex
508 2869 760 2956 permutatione
785 2869 999 2956 (ririlwoorda)
1023 2908 1067 2918 -
1090 2870 1202 2956 prima
1224 2871 1439 2936 fundamenta

281 2984 395 3070 posuit
430 2982 522 3048 illius
557 2982 730 3047 doetrinae
759 3003 864 3068 quarn
887 2989 1052 3048 nostrates
1075 2961 1251 3069 appellant
1273 2981 1439 3049 Stootlruis·

284 3097 480 3162 hondtunda.
498 3095 524 3182 1)
559 3097 692 3160 Dooent
725 3096 818 3160 enim
851 3095 902 3160 illi
937 3117 1083 3183 quoque,
1121 3097 1180 3183 qui
1209 3097 1299 3163 hano
1331 3093 1440 3162 doetri-

283 3231 366 3275 nam
400 3210 612 3296 profitentur,
649 3208 793 3294 populos
827 3210 864 3274 in
897 3210 1016 3275 infimo
1051 3210 1146 3275 cultu
1180 3217 1214 3275 et
1237 3210 1440 3275 humanitate

225 3349 228 3355 ·
283 3323 462 3390 collocatos
506 3323 603 3387 illam
639 3322 808 3388 rationem
842 3323 932 3389 vitae
968 3323 1161 3388 communis
1195 3321 1440 3389 constituendae

283 3436 390 3532 sequi,
416 3457 485 3521 qua
508 3457 577 3500 non
607 3435 674 3500 nisi
697 3457 750 3500 res
772 3436 946 3501 naturales
968 3437 1003 3500 in
1028 3437 1137 3522 pretio
1150 3437 1218 3501 sint
1230 3435 1440 3524 [Germanice

283 3549 625 3635 Noturolwirtsohoft],
636 3550 673 3613 in
694 3548 893 3615 cultioribus
906 3571 986 3616 vero
1000 3550 1325 3634 terrissingularum
1337 3567 1442 3615 rerum

284 3669 487 3749 potestatem
512 3662 554 3727 ad
568 3663 754 3748 pecuniam
767 3664 920 3730 revocari
933 3663 1155 3750 [Germaniae
1170 3659 1441 3747 Geldroirtaolrojl}

329 3778 419 3843 Cave
458 3783 572 3842 tamen
608 3776 726 3841 eredas
760 3777 797 3840 in
832 3777 962 3842 ratione
997 3776 1056 3841 illa
1088 3776 1236 3841 naturali
1271 3775 1442 3862 pecuniam

283 3913 417 3978 semper
451 3913 589 3978 prorsus
623 3913 692 3956 esse
728 3891 891 3975 ignotam.
937 3891 1014 3976 Ipse
1045 3890 1243 3956 Aristoteles
1277 3891 1359 3956 dicit
1381 3907 1442 3952 non

285 4053 482 4072 ‘—-—¹

320 4153 336 4214 ¹)
362 4138 399 4202 cd
425 4169 448 4211 r.
475 4153 630 4210 Kirohmann,
656 4151 773 4200 nrlsuter.
793 4168 823 4200 zu
840 4152 880 4200 des
897 4152 994 4200 Aristot.
1010 4151 1100 4200 Politilr
1118 4150 1190 4214 (Phil.
1209 4150 1322 4199 Biblioth.
1340 4150 1381 4198 Bd.
1398 4148 1440 4204 85),

282 4236 327 4284 No.
347 4237 394 4293 203
412 4236 521 4294 Roseher,
539 4237 600 4299 Syst.
619 4235 641 4284 d.
660 4235 864 4292 Volkswirthseh,
882 4235 916 4282 1¹⁸
933 4251 984 4299 pag.
1003 4235 1059 4282 289.
