3084 5128
610 569 674 638 221

59 767 191 816 munere
229 749 441 818 educationis
477 749 724 838 experirentur,
759 754 948 818 crescerent
984 749 1026 818 de
1060 755 1119 818 tuo
1154 751 1215 838 qui

59 869 237 930 crescerent
276 863 1218 952 tibi,alimentisquetuisadstipendia

55 982 124 1042 tua
148 1000 170 1064 p
183 999 200 1044 e
214 1001 232 1042 r
244 999 266 1046 v
279 999 297 1044 e
311 978 358 1044 ni
371 1001 388 1044 r
402 1000 420 1045 e
433 985 491 1058 nt,
516 984 720 1066 tantumque
744 997 862 1044 omnes
887 978 947 1044 uni
972 977 1033 1044 tibi
1049 985 1218 1065 quantum

54 1091 243 1176 perentibus
265 1092 335 1158 suis
357 1093 500 1180 quisque
514 1091 661 1158 deberet.
685 1091 844 1172 Recte,
870 1091 896 1158 (l
908 1113 929 1158 a
946 1113 964 1158 e
978 1113 994 1158 s
1006 1113 1026 1158 a
1039 1114 1064 1174 r,
1090 1113 1148 1180 qu
1162 1113 1181 1160 o
1194 1093 1217 1158 d

55 1224 172 1290 spem
207 1205 411 1272 Romani
448 1203 667 1272 nominis
701 1204 985 1291 sumptibus
1020 1205 1123 1272 tuis
1149 1227 1216 1272 su·

54 1318 206 1405 scipis.
254 1318 400 1386 Nullum
422 1325 472 1386 est
494 1319 588 1386 enim
606 1340 732 1405 magno
746 1318 900 1406 principe
912 1318 1210 1386 inmortalitatem·

55 1452 110 1516 que
144 1433 308 1500 merituro
342 1433 497 1520 inpendii
520 1455 629 1518 genus
647 1432 785 1518 dignius
809 1453 915 1519 quam
938 1431 1029 1520 quod
1054 1439 1213 1519 erogatur

53 1544 82 1608 in
110 1551 270 1632 posteros.
316 1546 518 1633 Locupletes
540 1547 582 1613 ad
607 1545 774 1613 tollendos
796 1545 919 1613 liberos
942 1546 1096 1632 ingentia
1120 1568 1214 1634 prae·

53 1659 113 1724 nia
147 1667 181 1726 et
213 1682 311 1747 pares
345 1682 474 1747 poenae
509 1661 754 1741 adhortantur;
783 1658 1089 1747 pauperibus
1111 1661 1213 1727 edu·

53 1773 185 1839 candi
230 1796 323 1840 una
369 1775 499 1840 ratio
535 1778 606 1840 est
641 1773 1062 1860 bouusprinceps.
1120 1774 1215 1842 Hic

53 1884 223 1953 fiducia
258 1888 334 1954 sui
367 1892 660 1974 procreatos
696 1887 797 1953 nisi
826 1886 1215 1972 largamanulo·

53 2007 129 2082 vet,
169 2007 325 2087 auget,
361 2001 702 2088 amplectitur,
738 2021 962 2067 occasum
995 2000 1211 2087 imperii,

53 2134 264 2181 occasum
318 2109 388 2181 rei
433 2113 671 2201 publicae
717 2113 977 2181 adcelerat
1018 2114 1211 2201 frustraque

52 2247 194 2311 proceres
228 2226 327 2316 plebe
363 2228 527 2314 neglecta,
564 2235 602 2295 ut
626 2228 799 2296 delectum
821 2249 961 2315 corpore
985 2233 1089 2314 caput
1112 2233 1211 2294 nuta·

53 2347 226 2429 torumque
271 2340 422 2408 instabili
456 2342 615 2428 pondere,
651 2346 766 2408 tuetur
790 2389 997 2408 .......
1054 2340 1209 2428 Super

53 2456 200 2522 omnia
234 2463 306 2522 est
339 2461 500 2522 tamen
533 2455 658 2543 quod
695 2454 816 2522 talis
845 2454 1210 2522 esutsubteli·

54 2565 170 2635 beros
194 2568 828 2656 tollerelibeatexpediat.
863 2569 974 2636 Nemo
997 2568 1209 2656 iamparons

53 2679 113 2748 filio
145 2683 211 2748 nisi
245 2682 439 2768 fragilitatis
462 2683 635 2749 humanae
659 2682 751 2750 vices
773 2682 897 2764 horret,
922 2703 985 2750 nec
1009 2681 1098 2748 inter
1116 2683 1208 2748 insa·

53 2795 170 2862 nabiles
201 2794 338 2862 morbos
362 2795 525 2883 principis
547 2796 599 2862 ira
617 2802 828 2862 numeratur.
874 2795 1041 2881 Magnum
1068 2796 1208 2883 quidem

53 2915 94 2973 est
125 2909 294 2976 educandi
317 2910 581 2976 incitamentum
604 2908 721 2977 tollere
744 2909 868 2977 liberos
889 2909 926 2974 in
947 2930 1044 2996 spem
1067 2907 1208 2976 alimen·

53 3026 162 3105 torum,
187 3025 224 3089 in
248 3045 345 3110 spem
368 3023 641 3109 congiariorum3
667 3024 778 3089 maius
801 3030 926 3106 tamon,
950 3022 1096 3109 inspem
1108 3021 1207 3089 liber·

53 3136 129 3218 tatis,
163 3138 199 3203 in
227 3159 323 3224 spem
347 3138 535 3204 securitatis
559 3186 767 3204 .......
814 3136 922 3204 Paulo
947 3137 1070 3220 minus,
1095 3142 1207 3224 patres

53 3252 232 3338 conscripti,
258 3252 410 3339 quinque
436 3250 531 3317 milia
553 3251 784 3336 ingenuorum
807 3252 956 3334 luerunt,
982 3272 1069 3340 qnae
1086 3250 1208 3318 libera-

52 3359 119 3428 litas
160 3365 326 3451 principis
367 3366 472 3431 nostri
506 3365 722 3453 conquisivit,
757 3366 899 3448 invenit,
936 3365 1088 3434 adscivit.
1147 3367 1207 3432 Hi

53 3476 318 3544 subsidium
376 3477 630 3560 bellorum,
685 3486 1026 3546 ornamentum
1070 3480 1208 3566 pacis

53 3590 263 3673 publicis
308 3590 590 3680 sumptibus
635 3592 849 3675 aluntur,
890 3593 1207 3682 patriamque

54 3712 200 3771 uonut
238 3706 452 3792 patriam
486 3711 679 3772 tantum
713 3704 1208 3775 verumutaltricem

55 3835 198 3886 amare
245 3819 553 3886 condiscunt.
611 3821 678 3885 Ex
723 3820 798 3886 his
836 3823 1009 3898 castra,
1045 3838 1097 3883 ex
1132 3816 1208 3883 his

56 3930 203 3998 tribus
238 3932 581 4020 replebuntur,
617 3956 660 4000 ex
694 3934 747 4000 his
782 3932 989 4020 quandoque
1025 3935 1208 3996 nascentur

57 4043 166 4126 quibus
197 4046 368 4114 alimentis
391 4068 476 4133 opus
499 4069 569 4113 non
592 4048 645 4114 sit.
691 4048 784 4113 Dent
807 4044 878 4127 tibi,
904 4046 1035 4126 Caesar,
1059 4049 1207 4110 aetatem

57 4153 97 4220 dii
129 4179 229 4246 quam
263 4161 412 4242 mereris
449 4167 653 4248 serventque
689 4160 846 4226 animum
881 4179 986 4246 quem
1016 4158 1206 4225 dederunt:

58 4273 225 4358 equanto
249 4275 414 4344 maiorem
438 4275 624 4341 infantium
647 4272 784 4340 turbam
806 4272 933 4340 iterum
955 4278 1058 4360 atque
1081 4271 1207 4337 iterum
