3084 5128
844 589 909 654 284

289 794 355 860 que
390 773 530 853 divitrica,
563 777 749 857 potestatem
773 768 977 856 (potentiam)
1001 765 1057 832 vel
1080 765 1205 852 coptum
1228 763 1472 849 (remearem)

287 886 426 952 indicat.
472 885 734 970 Nonnunquam
768 881 945 948 invenitur
979 899 1080 944 sensu
1115 877 1266 956 militari,
1301 882 1342 942 ut
1374 877 1469 964 apud

289 1000 459 1086 Nepotem
483 997 632 1083 (Belgica
658 985 814 1082 trocpen);
839 995 896 1060 sed
920 994 1026 1080 copiae
1048 991 1151 1076 longe
1176 991 1336 1056 usitatius
1355 999 1421 1056 est.

333 1113 441 1199 Saepe
474 1113 568 1196 inops
601 1111 787 1196 opponitur
816 1108 948 1194 copioso,
972 1107 1130 1194 opulento,
1155 1110 1189 1171 et
1210 1105 1326 1191 inopte
1348 1106 1469 1192 copiae,

288 1227 409 1314 opibus.
456 1225 571 1290 Pauca
594 1223 651 1289 hic
674 1222 845 1287 adducam
869 1219 1041 1308 exempla.

337 1340 405 1407 Oic.
430 1337 552 1403 Parad.
577 1338 608 1420 6,
632 1337 696 1402 52:

384 1452 482 1533 „Non
507 1449 608 1515 modo
630 1469 700 1514 non
724 1448 852 1535 copiosi
880 1469 919 1514 ao
942 1447 1076 1528 divites,
1100 1446 1159 1513 sed
1184 1446 1288 1512 etiam
1300 1445 1427 1533 inopes

335 1586 374 1630 ao
398 1585 565 1651 pauperes
588 1561 810 1628 existimandi
833 1561 944 1628 sunt.'’

334 1678 386 1743 Id.
410 1677 477 1742 Pro
496 1676 635 1755 Quinct.
660 1676 713 1756 30,
738 1677 804 1741 91:

383 1791 450 1879 „Ut
470 1789 547 1876 plus
569 1789 672 1855 huius
695 1788 811 1876 inopia
835 1789 940 1875 possit
962 1788 1006 1853 ad
1031 1786 1301 1854 misericordiam
1315 1808 1426 1874 quam

336 1904 428 1970 illius
451 1925 532 1989 opes
554 1903 597 1969 ad
621 1901 892 1968 crudelitatem.”

339 2019 391 2085 Id.
416 2018 488 2084 Cat.
512 2017 592 2083 mai.
618 2017 648 2098 3,
673 2017 715 2082 8:

384 2132 475 2212 „Nec
498 2131 592 2196 enim
615 2130 652 2194 in
676 2150 811 2194 summa
834 2128 951 2217 inopia
974 2127 1060 2196 levis
1084 2149 1154 2194 esse
1180 2132 1338 2193 senectus
1364 2149 1426 2214 po·
1459 2183 1465 2194 .

338 2250 411 2326 test,
436 2267 479 2310 ne
502 2244 647 2331 sapienti
671 2242 822 2328 quidem,
847 2264 909 2308 nec
933 2241 1119 2328 insipienti,
1145 2241 1250 2307 etiam
1272 2240 1310 2304 in
1332 2262 1426 2306 sum-

339 2380 397 2424 ma
419 2358 528 2444 copia,
552 2378 622 2423 non
646 2357 792 2442 gravis'’

338 2471 438 2539 Ovid.
458 2471 539 2536 Met.
563 2470 627 2551 III,
652 2471 738 2537 466:

386 2585 506 2666 „Quod
527 2584 640 2670 cupio,
666 2605 803 2650 mecum
826 2589 895 2649 est:
920 2583 1061 2670 inopem
1084 2604 1139 2648 me
1164 2582 1263 2668 copia
1285 2581 1399 2648 fecit.’'

337 2805 441 2891 Epcna
474 2810 509 2870 et
541 2805 635 2890 inops
667 2803 803 2889 proprie
837 2802 874 2866 in
910 2822 949 2868 eo
984 2802 1147 2869 videntur
1182 2801 1329 2882 differre,
1374 2801 1467 2887 quod

294 2918 419 3005 aliquis
452 2939 496 2985 ex
530 2918 632 3004 inope
669 2937 773 3001 egens
807 2915 865 2994 fit;
897 2915 1015 3002 inopia
1038 2915 1131 2982 enim
1155 2920 1341 3000 egestatem
1366 2914 1468 3000 parit.

293 3032 506 3119 Exemplum
529 3031 672 3097 afferam
696 3028 816 3111 unum,
840 3029 900 3096 sed
922 3028 1149 3095 luculentum.
1196 3029 1361 3114 Legimus
1373 3027 1467 3114 apud

294 3147 496 3212 Ciceronem
520 3146 584 3229 (De
608 3146 684 3210 Inv.
709 3144 736 3225 1,
760 3143 812 3224 47,
838 3145 915 3224 88):

386 3259 504 3339 ‚,‘Oum
524 3258 676 3325 dicebas:
701 3257 736 3324 Si
759 3257 921 3340 indigetis
941 3257 1117 3344 pecuniae,
1142 3256 1325 3342 pecuniam
1349 3276 1419 3321 non

338 3371 490 3452 habetis;
527 3371 592 3436 hoc
619 3371 883 3455 intellegebam:
908 3369 943 3436 Si
966 3376 1175 3457 propter
1197 3369 1420 3456 inopiam

337 3485 385 3550 in
409 3506 427 3550 e
440 3490 635 3569 gestate
660 3485 747 3565 estis
773 3484 958 3570 pecuniam
981 3506 1050 3550 non
1076 3482 1219 3565 habetis,
1244 3482 1419 3549 etidcirco

342 3597 604 3666 concedebam.’'

338 3713 463 3800 Itaque
487 3711 591 3778 homo
615 3733 703 3798 mena
727 3712 837 3797 magis
860 3711 993 3777 laborat
1008 3712 1228 3798 quamiaops.
1254 3710 1371 3775 Etiam
1385 3707 1465 3774 inde

292 3826 455 3912 colligere
476 3826 541 3892 hoc
564 3847 754 3912 possumne,
780 3825 872 3911 quod
895 3826 1009 3912 inopie
1031 3831 1065 3891 et
1087 3831 1211 3910 egatus,
1237 3823 1467 3910 quotiescum·

294 3961 361 4026 que
397 3946 591 4020 occurrunt,
624 3939 717 4005 haud
741 3938 807 4004 alio
831 3938 950 4005 ordine
974 3937 1146 4023 leguntur,
1170 3937 1368 4023 frequenter
1390 3956 1465 4023 par·

293 4052 399 4118 ticula
433 4075 468 4119 co
502 4053 556 4120 vel
594 4061 689 4140 utque
710 4054 800 4118 inter
827 4051 1055 4138 accopulata.
1100 4052 1191 4117 Nota
1213 4072 1267 4116 res
1291 4057 1350 4132 est,
1375 4050 1463 4114 hanc

293 4165 501 4253 particulam
524 4188 624 4252 saepe
649 4166 692 4231 ad
716 4167 915 4250 augendum
938 4166 993 4234 vel
1017 4165 1268 4232 cumulandum
1291 4163 1413 4232 valere.
1437 4159 1463 4247 ¹)

328 4345 347 4408 ¹)
383 4345 420 4395 Ol.
438 4344 547 4402 Kiihner,
565 4346 633 4394 Ausi.
651 4345 755 4395 Grnmm.
773 4345 796 4395 d.
813 4345 854 4395 lat.
872 4345 923 4410 Spr.
940 4345 966 4394 ll
983 4348 993 4406 §
1012 4345 1068 4405 153,
1085 4346 1109 4395 4.
