3040 5134
841 615 906 681 142

290 791 572 882 suppeditabatur
583 791 678 877 large
692 792 764 859 sine
776 791 924 860 labore.''
937 792 1013 860 Liv.
1027 791 1102 858 Per.
1115 792 1199 860 LX:
1217 790 1272 873 „G
1284 790 1445 858 Gracchus

289 957 298 974 .
322 957 331 974 .
354 957 362 973 .
453 955 460 972 .
485 957 493 972 .
518 905 723 993 perniciosas
747 905 879 994 aliquot
900 906 993 992 leges
1011 904 1100 987 tulit,
1112 906 1202 972 inter
1215 926 1299 993 quos
1311 905 1446 970 frumen·

288 1019 422 1101 teriam,
445 1025 485 1085 ut
509 1019 598 1086 senis
620 1019 788 1086 ettriente
801 1020 1015 1086 frumentum
1038 1005 1181 1106 plebi
1198 1019 1345 1085 daretur.
1368 1017 1444 1085 Vell.

289 1132 420 1200 Patere.
443 1133 489 1214 H,
509 1133 539 1214 6,
564 1133 606 1199 3;
634 1132 883 1213 „Frumentum
906 1131 1040 1220 plebi
1065 1133 1145 1199 dare
1159 1132 1380 1198 instituerat.''
1402 1132 1444 1196 De
1505 1201 1506 1226 ἶ

290 1245 424 1313 Octavii
446 1245 627 1331 largitione
651 1245 719 1313 Gic.
745 1247 796 1312 De
821 1245 887 1313 Off.
912 1246 958 1324 11,
976 1248 1028 1327 21,
1042 1246 1105 1313 71;
1134 1245 1290 1326 „Modica
1303 1244 1348 1310 M.
1361 1243 1445 1310 Octa·
1505 1229 1506 1257 ³

288 1359 324 1427 vi
347 1359 584 1445 (frumentaria
606 1359 755 1446 largitio)
778 1365 812 1426 et
824 1360 872 1426 rei
885 1359 1042 1447 publicae
1056 1358 1241 1426 tolerabilis
1254 1365 1289 1425 et
1305 1357 1367 1445 „pl
1379 1356 1444 1424 chi
1505 1356 1506 1424 l

289 1473 511 1540 necessaria.'’
534 1471 613 1539 Alio
636 1473 710 1540 loco
734 1474 817 1560 (uic.
841 1474 939 1541 Verr.
963 1473 1028 1555 III,
1053 1474 1106 1556 30,
1127 1473 1187 1560 ,72)
1213 1472 1336 1553 „tritici
1353 1470 1445 1536 medi·
1505 1519 1507 1570 5

225 1582 229 1590 ’
289 1616 412 1660 mnum
424 1595 605 1662 XXXIIP'
621 1617 663 1682 „p
675 1594 688 1661 l
700 1615 718 1661 e
731 1593 753 1661 b
764 1595 777 1659 i
789 1616 805 1661 s
816 1595 993 1661 Romanae
1009 1616 1114 1682 prope
1127 1599 1301 1661 menstrua
1313 1591 1444 1660 cibaria”

290 1707 518 1795 appellantur.
565 1709 662 1775 Haeo
686 1709 882 1774 testimonia
905 1708 997 1795 apud
1017 1730 1072 1774 me
1096 1708 1229 1795 potiora
1251 1713 1331 1773 sunt
1354 1726 1445 1793 quam

289 1820 401 1888 Schol.
437 1821 519 1920 Boh.
552 1822 588 1888 in
613 1822 682 1888 uic.
706 1820 800 1888 Orat.
825 1844 875 1908 pr.
900 1821 983 1888 Sest.
1008 1842 1085 1908 pag.
1106 1821 1171 1887 300
1195 1819 1253 1887 Or.
1278 1821 1332 1906 (cf.
1355 1819 1445 1886 etiam

289 1934 372 2002 ibid.
395 1957 472 2023 pag.
498 1935 597 2022 303):
625 1935 734 2016 „Ante
760 1935 902 2022 quidem
925 1935 1102 2001 Gracchus
1125 1933 1238 2019 legem
1262 1933 1390 2013 tulerat,
1413 1936 1445 1996 ut

288 2049 501 2136 populus
536 2071 597 2136 pro
631 2049 815 2129 frumento,
853 2048 946 2135 quod
980 2047 1045 2113 sihi
1081 2047 1217 2134 publice
1254 2048 1388 2114 daretur
1414 2045 1445 2109 in

287 2162 439 2249 singulos
462 2161 594 2228 modios
616 2184 714 2228 senos
737 2163 823 2228 aeris
846 2168 880 2227 et
903 2162 1043 2228 trientes
1066 2161 1166 2248 pretii
1189 2162 1329 2227 nomine
1351 2156 1445 2226 exsol-

288 2276 415 2344 veret.''
444 2274 508 2342 Vel
532 2276 657 2341 Ascon.
673 2275 708 2339 in
732 2276 845 2341 Pison.
867 2296 944 2361 pag.
965 2277 986 2341 9
1006 2273 1065 2341 Or.
1085 2275 1127 2341 de
1148 2275 1186 2341 P.
1200 2274 1342 2341 Clodio:
1369 2273 1445 2354 „An-

288 2389 475 2457 nonianam
500 2436 706 2455 .......
730 2395 769 2454 ut
791 2389 1006 2454 frumentum
1030 2410 1084 2476 po
1098 2411 1120 2476 p
1133 2388 1180 2454 ul
1193 2410 1223 2470 o,
1250 2388 1341 2476 quod
1354 2392 1441 2454 antea

288 2503 390 2570 semis
414 2501 526 2590 [leget
555 2502 683 2582 „senis”
697 2525 704 2583 ;
730 2503 772 2568 of.
797 2523 874 2590 pag.
900 2504 962 2568 131
990 2502 1068 2568 adn.
1095 2502 1132 2590 1]
1155 2502 1242 2569 aeris
1265 2523 1305 2569 ao
1332 2499 1446 2568 trienti-

289 2615 401 2682 busin
414 2615 564 2701 singulos
577 2616 708 2682 modios
720 2616 875 2698 dabatur,
888 2616 993 2701 gratis
1005 2616 1175 2683 daretur.''
1185 2616 1210 2703 ¹)
1223 2617 1379 2683 Getarum
1389 2634 1446 2701 quo

289 2729 405 2796 minus
417 2735 451 2796 et
462 2730 537 2797 istie
546 2731 687 2817 populna
699 2728 808 2816 plebis
821 2751 921 2795 sensu
933 2728 1175 2814 intellegamus
1188 2730 1271 2817 quid
1285 2703 1391 2796 obstat
1401 2727 1414 2793 l
1425 2724 1446 2811 ²)

289 2843 361 2910 Nec
385 2843 495 2928 magis
517 2844 705 2910 sententiae
731 2864 836 2923 meae,
860 2842 925 2908 nisi
949 2842 1057 2924 fallor,
1082 2850 1254 2931 repugnat
1277 2842 1367 2934 quod
1389 2841 1447 2926 Ap

291 2958 414 3045 pianus
437 2958 473 3024 0.
498 2957 695 3023 Gracchum
720 2965 839 3044 ἑκάστῳ
853 2974 912 3027 τῶν
922 2967 1060 3044 δημοτῶν
1073 2941 1285 3024 menstruam
1297 2952 1448 3023 frumenti
1511 3007 1512 3016 ,

290 3070 509 3156 largitionem
532 3070 716 3136 instituisse
741 3071 832 3137 dicit.
880 3072 967 3138 Mihi
992 3072 1085 3138 enim
1098 3093 1300 3158 persuasum
1312 3076 1361 3137 est
1375 3070 1447 3135 haec
1510 3099 1512 3126 s

292 3184 397 3252 verba
420 3204 490 3250 non
514 3205 584 3250 esse
608 3184 865 3271 interpretanda
887 3186 1025 3272 singulto
1051 3186 1179 3266 cinthus,
1206 3184 1232 3271 ³)
1257 3185 1317 3250 sed
1326 3181 1450 3268 singulte

294 3297 477 3364 hominthna
498 3297 535 3362 de
555 3297 652 3383 plebe,
677 3318 764 3384 quae
790 3298 930 3386 quidem
954 3299 1189 3386 interpretatio
1212 3319 1294 3365 oum
1317 3298 1359 3364 iis
1381 3315 1450 3382 quo
1511 3289 1512 3292 ’

295 3431 361 3498 que
386 3431 473 3496 quae
497 3415 688 3496 sequuntur
711 3411 839 3498 optime
863 3413 1034 3479 convenit.
1059 3412 1084 3494 ⁴)

328 3563 346 3625 ¹)
380 3563 417 3612 Ita
440 3563 511 3612 etiam
537 3564 639 3614 Granius
664 3565 802 3614 Licinianus
827 3567 855 3614 de
880 3566 983 3632 Lepido:
1020 3567 1145 3632 „sse]gem
1170 3566 1371 3632 frumentari[am]
1393 3561 1452 3613 nullo
1511 3563 1512 3620 Ῑ

293 3646 416 3696 resistente
441 3645 565 3712 l[argi]tus
590 3647 785 3712 (Mnrq.:tuitus)
811 3653 853 3707 est,
880 3654 905 3699 nt
930 3650 1049 3714 annon[ae
1065 3649 1193 3715 quinq[ue]
1212 3649 1276 3698 modi
1294 3648 1392 3714 pcpn[lo
1407 3643 1451 3708 (la-l
1511 3677 1512 3704 ι

294 3729 400 3780 rentur.''
434 3730 519 3778 Totum
537 3730 616 3779 locum
633 3731 687 3781 vide
703 3731 765 3796 apud
782 3731 894 3781 Momme.
912 3732 940 3781 lt.
959 3733 987 3781 G.
1005 3732 1055 3782 ΙΙΙι
1071 3750 1122 3798 pag.
1138 3732 1168 3780 at
1183 3733 1238 3782 adn.
1253 3732 1268 3782 2
1285 3736 1308 3782 et
1316 3733 1377 3798 apud
1386 3730 1452 3790 Marq.

295 3812 311 3862 l.
330 3812 347 3863 1.
365 3829 416 3878 pag.
436 3813 482 3862 116
500 3814 554 3863 adn.
574 3815 595 3863 l.
624 3815 739 3863 Granium
758 3814 908 3864 Licinianum
926 3832 1002 3880 nuper
1019 3817 1135 3866 recensuit
1152 3821 1175 3866 et
1190 3817 1358 3866 commentario
1374 3816 1452 3863 instro·

294 3895 328 3946 xit
354 3896 461 3946 Gamozai
478 3898 572 3958 (Parias
590 3897 672 3957 1900),
689 3913 760 3961 quam
779 3897 905 3948 editionem
923 3915 998 3964 neque
1015 3900 1130 3966 inspicere
1147 3916 1223 3964 neque
1240 3915 1371 3965 comparare
1386 3894 1452 3963 potui.

327 3978 346 4040 ¹)
381 3978 417 4028 Cf.
434 3995 501 4044 pagg.
519 3980 623 4039 43,131
642 3981 709 4040 (132)
726 3981 780 4030 adn.
799 3982 822 4040 5,
841 3981 887 4034 137
905 3983 958 4031 adn.
978 3982 1000 4032 l.

326 4059 347 4121 ³)
381 4062 451 4127 Quod
467 4062 550 4111 iubent
568 4062 680 4112 Mcmms.
698 4063 765 4110 Rom.
783 4063 848 4113 nib.
866 4080 917 4128 pag.
937 4065 994 4124 180,
1012 4065 1088 4130 Marq.
1106 4064 1158 4115 1.1.
1176 4081 1228 4129 pag.
1248 4065 1295 4114 115
1314 4066 1366 4114 adn.
1384 4063 1404 4111 1.
1511 4051 1512 4076 ³

328 4155 347 4213 ⁴)
381 4157 454 4206 Totus
468 4157 535 4207 loeus
551 4157 591 4206 hic
608 4162 658 4208 est:
679 4145 797 4218 1,(Γὰιος
817 4146 971 4227 Γράκχος)
991 4147 1230 4227 περιφανέστατα
1240 4146 1365 4224 αἱρεθεὶς
1375 4142 1452 4210 etate

295 4234 471 4310 ἐπεβούλευε
491 4247 530 4327 τῇ
551 4238 660 4327 βουλῇ,
683 4241 845 4315 σιτηρέσιον
866 4241 997 4318 ἔμμηνον
1013 4244 1112 4319 ὁρίσας
1125 4243 1245 4321 ἑκάστῳ
1256 4251 1316 4304 τῶν
1326 4243 1451 4319 δημοτῶν

295 4329 356 4394 ἀπὸ
376 4341 435 4394 τῶν
455 4342 554 4398 κοινῶν
574 4337 750 4416 χρημάτων,
773 4334 804 4396 ot
824 4338 965 4414 πρότερον
986 4336 1086 4411 είωέιδς
1106 4338 1302 4400 διαδίδοσθαι.
1325 4331 1451 4413 acclinia
