<?xml version="1.0" encoding="UTF-8"?>
<!DOCTYPE html PUBLIC "-//W3C//DTD XHTML 1.0 Transitional//EN"
    "http://www.w3.org/TR/xhtml1/DTD/xhtml1-transitional.dtd">
<html xmlns="http://www.w3.org/1999/xhtml" xml:lang="en" lang="en">
 <head>
  <title>
</title>
<meta http-equiv="Content-Type" content="text/html;charset=utf-8" />
  <meta name='ocr-system' content='tesseract 3.04.00' />
  <meta name='ocr-capabilities' content='ocr_page ocr_carea ocr_par ocr_line ocrx_word'/>
</head>
<body>
  <div class='ocr_page' id='page_1' title='image "./depauperumcuraa01essegoog_0244.png"; bbox 0 0 3084 5128; ppageno 0'>
   <div class='ocr_carea' id='block_1_1' title="bbox 615 540 681 606">
    <p class='ocr_par' dir='ltr' id='par_1_1' title="bbox 615 540 681 606">
     <span class='ocr_line' id='line_1_1' title="bbox 615 540 681 606; baseline 0 0"><span class='ocrx_word' id='word_1_1' title='bbox 615 540 681 606; x_wconf 79' lang='lat'>223</span> 
     </span>
    </p>
   </div>
   <div class='ocr_carea' id='block_1_2' title="bbox 46 717 1265 1601">
    <p class='ocr_par' dir='ltr' id='par_1_2' title="bbox 46 717 1265 1601">
     <span class='ocr_line' id='line_1_2' title="bbox 52 717 1232 803; baseline 0.002 -21"><span class='ocrx_word' id='word_1_2' title='bbox 52 717 181 803; x_wconf 81' lang='lat' dir='ltr'><strong>paucis,</strong></span> <span class='ocrx_word' id='word_1_3' title='bbox 221 717 338 803; x_wconf 90' lang='lat' dir='ltr'>quales</span> <span class='ocrx_word' id='word_1_4' title='bbox 368 724 449 788; x_wconf 90' lang='lat' dir='ltr'>sunt</span> <span class='ocrx_word' id='word_1_5' title='bbox 471 719 508 786; x_wconf 81' lang='lat'>0.</span> <span class='ocrx_word' id='word_1_6' title='bbox 532 719 559 785; x_wconf 92' lang='lat' dir='ltr'>I.</span> <span class='ocrx_word' id='word_1_7' title='bbox 584 719 622 786; x_wconf 91' lang='lat' dir='ltr'>L.</span> <span class='ocrx_word' id='word_1_8' title='bbox 646 719 709 802; x_wconf 92' lang='lat' dir='ltr'>IX,</span> <span class='ocrx_word' id='word_1_9' title='bbox 734 717 840 800; x_wconf 86' lang='lat'>1455;</span> <span class='ocrx_word' id='word_1_10' title='bbox 865 717 928 800; x_wconf 91' lang='lat' dir='ltr'>XI,</span> <span class='ocrx_word' id='word_1_11' title='bbox 956 717 1065 786; x_wconf 84' lang='lat'>1147:</span> <span class='ocrx_word' id='word_1_12' title='bbox 1093 739 1156 800; x_wconf 88' lang='lat' dir='ltr'>,ex</span> <span class='ocrx_word' id='word_1_13' title='bbox 1181 719 1232 784; x_wconf 93' lang='lat' dir='ltr'>in·</span> 
     </span>
     <span class='ocr_line' id='line_1_3' title="bbox 52 829 1228 919; baseline 0.003 -25"><span class='ocrx_word' id='word_1_14' title='bbox 52 829 237 915; x_wconf 82' lang='lat' dir='ltr'>dulgentia</span> <span class='ocrx_word' id='word_1_15' title='bbox 260 879 401 898; x_wconf 92' lang='grc'><strong>.....</strong></span> <span class='ocrx_word' id='word_1_16' title='bbox 432 832 640 919; x_wconf 89' lang='lat' dir='ltr'>principis&#39;&#39;;</span> <span class='ocrx_word' id='word_1_17' title='bbox 665 832 726 909; x_wconf 92' lang='lat' dir='ltr'>VI,</span> <span class='ocrx_word' id='word_1_18' title='bbox 752 832 859 898; x_wconf 82' lang='lat'>1492:</span> <span class='ocrx_word' id='word_1_19' title='bbox 886 830 949 912; x_wconf 90' lang='lat' dir='ltr'>„ab</span> <span class='ocrx_word' id='word_1_20' title='bbox 975 831 1228 917; x_wconf 88' lang='lat' dir='ltr'>indulgentissi-</span> 
     </span>
     <span class='ocr_line' id='line_1_4' title="bbox 49 944 1228 1032; baseline 0.001 -23"><span class='ocrx_word' id='word_1_21' title='bbox 49 965 103 1009; x_wconf 89' lang='lat' dir='ltr'>mo</span> <span class='ocrx_word' id='word_1_22' title='bbox 139 945 375 1032; x_wconf 81' lang='lat' dir='ltr'>imperatore&#39;&#39;</span> <span class='ocrx_word' id='word_1_23' title='bbox 389 969 397 1028; x_wconf 89' lang='lat'>;</span> <span class='ocrx_word' id='word_1_24' title='bbox 432 945 528 1024; x_wconf 90' lang='lat' dir='ltr'>XIV,</span> <span class='ocrx_word' id='word_1_25' title='bbox 558 947 666 1012; x_wconf 87' lang='lat'>4003:</span> <span class='ocrx_word' id='word_1_26' title='bbox 694 944 1011 1031; x_wconf 88' lang='lat' dir='ltr'>,indulgentissimo</span> <span class='ocrx_word' id='word_1_27' title='bbox 1036 945 1205 1032; x_wconf 78' lang='lat' dir='ltr'>principi&#39;</span> <span class='ocrx_word' id='word_1_28' title='bbox 1219 968 1228 1027; x_wconf 88' lang='lat'>;</span> 
     </span>
     <span class='ocr_line' id='line_1_5' title="bbox 48 1057 1227 1152; baseline 0.003 -30"><span class='ocrx_word' id='word_1_29' title='bbox 48 1057 108 1135; x_wconf 86' lang='lat' dir='ltr'>IX,</span> <span class='ocrx_word' id='word_1_30' title='bbox 134 1059 252 1128; x_wconf 80' lang='lat'>5825:</span> <span class='ocrx_word' id='word_1_31' title='bbox 280 1060 394 1152; x_wconf 91' lang='lat' dir='ltr'>,quod</span> <span class='ocrx_word' id='word_1_32' title='bbox 421 1081 481 1146; x_wconf 92' lang='lat' dir='ltr'>per</span> <span class='ocrx_word' id='word_1_33' title='bbox 503 1059 778 1125; x_wconf 89' lang='lat' dir='ltr'>munificentiam</span> <span class='ocrx_word' id='word_1_34' title='bbox 794 1059 913 1124; x_wconf 87' lang='lat' dir='ltr'>suam&#39;&#39;</span> <span class='ocrx_word' id='word_1_35' title='bbox 927 1081 934 1134; x_wconf 92' lang='lat'><strong>;</strong></span> <span class='ocrx_word' id='word_1_36' title='bbox 947 1059 991 1142; x_wconf 89' lang='lat' dir='ltr'>X,</span> <span class='ocrx_word' id='word_1_37' title='bbox 1006 1059 1115 1125; x_wconf 84' lang='lat'>6310:</span> <span class='ocrx_word' id='word_1_38' title='bbox 1133 1080 1227 1145; x_wconf 90' lang='lat' dir='ltr'>,pro-</span> 
     </span>
     <span class='ocr_line' id='line_1_6' title="bbox 47 1170 1227 1261; baseline 0.001 -24"><span class='ocrx_word' id='word_1_39' title='bbox 47 1170 206 1238; x_wconf 87' lang='lat' dir='ltr'>videntia</span> <span class='ocrx_word' id='word_1_40' title='bbox 229 1174 487 1261; x_wconf 87' lang='lat' dir='ltr'>imperatoris&#39;&#39;;</span> <span class='ocrx_word' id='word_1_41' title='bbox 512 1173 575 1252; x_wconf 88' lang='lat' dir='ltr'>XI,</span> <span class='ocrx_word' id='word_1_42' title='bbox 592 1172 678 1240; x_wconf 77' lang='lat'>5395</span> <span class='ocrx_word' id='word_1_43' title='bbox 693 1195 700 1238; x_wconf 95' lang='lat'>:</span> <span class='ocrx_word' id='word_1_44' title='bbox 718 1193 782 1252; x_wconf 88' lang='lat' dir='ltr'>,ex</span> <span class='ocrx_word' id='word_1_45' title='bbox 793 1170 995 1238; x_wconf 81' lang='lat' dir='ltr'>liberalitate</span> <span class='ocrx_word' id='word_1_46' title='bbox 1009 1172 1227 1238; x_wconf 79' lang='lat' dir='ltr'>sacratissimi</span> 
     </span>
     <span class='ocr_line' id='line_1_7' title="bbox 47 1263 1265 1373; baseline 0.001 -24"><span class='ocrx_word' id='word_1_47' title='bbox 47 1285 259 1372; x_wconf 88' lang='lat' dir='ltr'>principis&#39;’;</span> <span class='ocrx_word' id='word_1_48' title='bbox 285 1286 354 1354; x_wconf 91' lang='lat' dir='ltr'>alii.</span> <span class='ocrx_word' id='word_1_49' title='bbox 380 1286 406 1372; x_wconf 91' lang='lat'>¹)</span> <span class='ocrx_word' id='word_1_50' title='bbox 440 1285 533 1366; x_wconf 78' lang='lat' dir='ltr'>Quid</span> <span class='ocrx_word' id='word_1_51' title='bbox 545 1286 638 1372; x_wconf 88' lang='lat' dir='ltr'>quod</span> <span class='ocrx_word' id='word_1_52' title='bbox 654 1285 938 1373; x_wconf 87' lang='lat' dir='ltr'>privatisimilem</span> <span class='ocrx_word' id='word_1_53' title='bbox 951 1263 1226 1352; x_wconf 89' lang='lat' dir='ltr'>munificentiam</span> <span class='ocrx_word' id='word_1_54' title='bbox 1264 1277 1265 1280; x_wconf 44' lang='lat'>&#39;</span> 
     </span>
     <span class='ocr_line' id='line_1_8' title="bbox 47 1399 1224 1487; baseline 0.003 -25"><span class='ocrx_word' id='word_1_55' title='bbox 47 1399 290 1468; x_wconf 82' lang='lat' dir='ltr'>exhibebant?</span> <span class='ocrx_word' id='word_1_56' title='bbox 336 1400 402 1469; x_wconf 91' lang='lat' dir='ltr'>Vel</span> <span class='ocrx_word' id='word_1_57' title='bbox 437 1400 502 1466; x_wconf 88' lang='lat' dir='ltr'>hoc</span> <span class='ocrx_word' id='word_1_58' title='bbox 535 1399 684 1466; x_wconf 86' lang='lat' dir='ltr'>notabile</span> <span class='ocrx_word' id='word_1_59' title='bbox 716 1405 775 1480; x_wconf 89' lang='lat' dir='ltr'>eet,</span> <span class='ocrx_word' id='word_1_60' title='bbox 801 1399 893 1485; x_wconf 87' lang='lat' dir='ltr'>quod</span> <span class='ocrx_word' id='word_1_61' title='bbox 916 1399 1050 1487; x_wconf 91' lang='lat' dir='ltr'>puellae</span> <span class='ocrx_word' id='word_1_62' title='bbox 1076 1420 1224 1486; x_wconf 90' lang='lat' dir='ltr'>quoque,</span> 
     </span>
     <span class='ocr_line' id='line_1_9' title="bbox 46 1509 1223 1601; baseline 0.003 -26"><span class='ocrx_word' id='word_1_63' title='bbox 46 1509 123 1578; x_wconf 87' lang='lat' dir='ltr'>licet</span> <span class='ocrx_word' id='word_1_64' title='bbox 161 1536 306 1601; x_wconf 79' lang='lat' dir='ltr'>paucae,</span> <span class='ocrx_word' id='word_1_65' title='bbox 338 1514 428 1580; x_wconf 83' lang='lat' dir='ltr'>inter</span> <span class='ocrx_word' id='word_1_66' title='bbox 462 1512 694 1580; x_wconf 82' lang='lat' dir='ltr'>alimentarias</span> <span class='ocrx_word' id='word_1_67' title='bbox 727 1511 990 1598; x_wconf 85' lang='lat' dir='ltr'>recipiebantur.</span> <span class='ocrx_word' id='word_1_68' title='bbox 1036 1512 1149 1578; x_wconf 87' lang='lat' dir='ltr'>Immo</span> <span class='ocrx_word' id='word_1_69' title='bbox 1181 1533 1223 1579; x_wconf 92' lang='lat' dir='ltr'>ne</span> 
     </span>
    </p>
   </div>
   <div class='ocr_carea' id='block_1_3' title="bbox 46 1625 1222 1820">
    <p class='ocr_par' dir='ltr' id='par_1_3' title="bbox 46 1625 1222 1820">
     <span class='ocr_line' id='line_1_10' title="bbox 46 1625 1220 1715; baseline 0.004 -27"><span class='ocrx_word' id='word_1_70' title='bbox 46 1628 180 1710; x_wconf 84' lang='lat' dir='ltr'>spurios</span> <span class='ocrx_word' id='word_1_71' title='bbox 218 1629 360 1715; x_wconf 88' lang='lat' dir='ltr'>quidem</span> <span class='ocrx_word' id='word_1_72' title='bbox 383 1629 545 1714; x_wconf 85' lang='lat' dir='ltr'>(puerum</span> <span class='ocrx_word' id='word_1_73' title='bbox 567 1625 802 1713; x_wconf 89' lang='lat' dir='ltr'>puellamque)</span> <span class='ocrx_word' id='word_1_74' title='bbox 826 1625 964 1693; x_wconf 87' lang='lat' dir='ltr'>Veleiae</span> <span class='ocrx_word' id='word_1_75' title='bbox 988 1626 1129 1692; x_wconf 86' lang='lat' dir='ltr'>omissos</span> <span class='ocrx_word' id='word_1_76' title='bbox 1150 1648 1220 1693; x_wconf 87' lang='lat' dir='ltr'>esse</span> 
     </span>
     <span class='ocr_line' id='line_1_11' title="bbox 47 1729 1222 1820; baseline 0.002 -26"><span class='ocrx_word' id='word_1_77' title='bbox 47 1730 210 1800; x_wconf 88' lang='lat' dir='ltr'>vidimus.</span> <span class='ocrx_word' id='word_1_78' title='bbox 258 1733 363 1820; x_wconf 88' lang='lat' dir='ltr'>(Puer</span> <span class='ocrx_word' id='word_1_79' title='bbox 395 1732 453 1798; x_wconf 92' lang='lat' dir='ltr'>ille</span> <span class='ocrx_word' id='word_1_80' title='bbox 488 1732 625 1818; x_wconf 88' lang='lat' dir='ltr'>spurius</span> <span class='ocrx_word' id='word_1_81' title='bbox 658 1736 794 1797; x_wconf 90' lang='lat' dir='ltr'>tantum</span> <span class='ocrx_word' id='word_1_82' title='bbox 828 1729 1026 1816; x_wconf 81' lang='lat' dir='ltr'>accipiebat,</span> <span class='ocrx_word' id='word_1_83' title='bbox 1052 1736 1222 1816; x_wconf 90' lang='lat' dir='ltr'>quantum</span> 
     </span>
    </p>
   </div>
   <div class='ocr_carea' id='block_1_4' title="bbox 47 1843 1223 2494">
    <p class='ocr_par' dir='ltr' id='par_1_4' title="bbox 47 1843 1223 2494">
     <span class='ocr_line' id='line_1_12' title="bbox 48 1843 1223 1932; baseline 0.002 -24"><span class='ocrx_word' id='word_1_84' title='bbox 48 1844 184 1928; x_wconf 89' lang='lat' dir='ltr'>puellae</span> <span class='ocrx_word' id='word_1_85' title='bbox 220 1846 415 1932; x_wconf 85' lang='lat' dir='ltr'>legitimae;</span> <span class='ocrx_word' id='word_1_86' title='bbox 451 1844 566 1932; x_wconf 89' lang='lat' dir='ltr'>puella</span> <span class='ocrx_word' id='word_1_87' title='bbox 603 1844 721 1931; x_wconf 89' lang='lat' dir='ltr'>spuria</span> <span class='ocrx_word' id='word_1_88' title='bbox 743 1844 848 1910; x_wconf 90' lang='lat' dir='ltr'>etiam</span> <span class='ocrx_word' id='word_1_89' title='bbox 870 1843 995 1925; x_wconf 90' lang='lat' dir='ltr'>minus,</span> <span class='ocrx_word' id='word_1_90' title='bbox 1020 1843 1080 1910; x_wconf 86' lang='lat' dir='ltr'>HS</span> <span class='ocrx_word' id='word_1_91' title='bbox 1103 1844 1223 1910; x_wconf 91' lang='lat' dir='ltr'>decem</span> 
     </span>
     <span class='ocr_line' id='line_1_13' title="bbox 49 1957 1222 2046; baseline 0.001 -24"><span class='ocrx_word' id='word_1_92' title='bbox 49 1977 187 2046; x_wconf 87' lang='lat' dir='ltr'>quoque</span> <span class='ocrx_word' id='word_1_93' title='bbox 224 1961 366 2045; x_wconf 84' lang='lat' dir='ltr'>mense.)</span> <span class='ocrx_word' id='word_1_94' title='bbox 412 1957 588 2025; x_wconf 82' lang='lat' dir='ltr'>Alimenta</span> <span class='ocrx_word' id='word_1_95' title='bbox 623 1978 889 2044; x_wconf 85' lang='lat' dir='ltr'>nonnumquam</span> <span class='ocrx_word' id='word_1_96' title='bbox 924 1957 1029 2023; x_wconf 89' lang='lat' dir='ltr'>etiam</span> <span class='ocrx_word' id='word_1_97' title='bbox 1062 1957 1222 2044; x_wconf 88' lang='lat' dir='ltr'>pauperi-</span> 
     </span>
     <span class='ocr_line' id='line_1_14' title="bbox 47 2068 1222 2160; baseline 0.002 -26"><span class='ocrx_word' id='word_1_98' title='bbox 47 2068 108 2136; x_wconf 86' lang='lat' dir='ltr'>bus</span> <span class='ocrx_word' id='word_1_99' title='bbox 130 2071 335 2160; x_wconf 90' lang='lat' dir='ltr'>parentibus</span> <span class='ocrx_word' id='word_1_100' title='bbox 358 2073 451 2140; x_wconf 84' lang='lat' dir='ltr'>riam</span> <span class='ocrx_word' id='word_1_101' title='bbox 474 2071 681 2159; x_wconf 82' lang='lat' dir='ltr'>patefecisse,</span> <span class='ocrx_word' id='word_1_102' title='bbox 706 2077 745 2136; x_wconf 89' lang='lat' dir='ltr'>ut</span> <span class='ocrx_word' id='word_1_103' title='bbox 764 2091 884 2137; x_wconf 88' lang='lat' dir='ltr'>eorum</span> <span class='ocrx_word' id='word_1_104' title='bbox 895 2071 994 2157; x_wconf 88' lang='lat' dir='ltr'>pueri</span> <span class='ocrx_word' id='word_1_105' title='bbox 1005 2069 1222 2137; x_wconf 88' lang='lat' dir='ltr'>institueren-</span> 
     </span>
     <span class='ocr_line' id='line_1_15' title="bbox 49 2183 1221 2272; baseline 0.003 -26"><span class='ocrx_word' id='word_1_106' title='bbox 49 2188 111 2266; x_wconf 87' lang='lat' dir='ltr'>tur,</span> <span class='ocrx_word' id='word_1_107' title='bbox 147 2187 271 2254; x_wconf 89' lang='lat' dir='ltr'>docere</span> <span class='ocrx_word' id='word_1_108' title='bbox 307 2186 443 2253; x_wconf 88' lang='lat' dir='ltr'>videtur</span> <span class='ocrx_word' id='word_1_109' title='bbox 464 2184 640 2272; x_wconf 88' lang='lat' dir='ltr'>Lamprid.</span> <span class='ocrx_word' id='word_1_110' title='bbox 664 2183 763 2251; x_wconf 79' lang='lat' dir='ltr'>Alerr.</span> <span class='ocrx_word' id='word_1_111' title='bbox 788 2183 903 2251; x_wconf 80' lang='lat' dir='ltr'>Seuer.</span> <span class='ocrx_word' id='word_1_112' title='bbox 928 2185 981 2265; x_wconf 83' lang='lat'>44,</span> <span class='ocrx_word' id='word_1_113' title='bbox 1005 2184 1047 2251; x_wconf 88' lang='lat'>4:</span> <span class='ocrx_word' id='word_1_114' title='bbox 1075 2183 1221 2264; x_wconf 85' lang='lat' dir='ltr'>,Rheto-</span> 
     </span>
     <span class='ocr_line' id='line_1_16' title="bbox 50 2296 1220 2386; baseline 0.003 -26"><span class='ocrx_word' id='word_1_115' title='bbox 50 2296 150 2377; x_wconf 89' lang='lat' dir='ltr'>ribus,</span> <span class='ocrx_word' id='word_1_116' title='bbox 199 2299 443 2386; x_wconf 86' lang='lat' dir='ltr'>grammaticis,</span> <span class='ocrx_word' id='word_1_117' title='bbox 488 2298 639 2379; x_wconf 86' lang='lat' dir='ltr'>medicis,</span> <span class='ocrx_word' id='word_1_118' title='bbox 675 2296 923 2385; x_wconf 84' lang='lat' dir='ltr'>haruspicibus,</span> <span class='ocrx_word' id='word_1_119' title='bbox 960 2297 1220 2380; x_wconf 84' lang='lat' dir='ltr'>mathematicis,</span> 
     </span>
     <span class='ocr_line' id='line_1_17' title="bbox 51 2411 1221 2494; baseline 0.003 -19"><span class='ocrx_word' id='word_1_120' title='bbox 51 2413 267 2494; x_wconf 88' lang='lat' dir='ltr'>mechanicis,</span> <span class='ocrx_word' id='word_1_121' title='bbox 292 2413 485 2480; x_wconf 86' lang='lat' dir='ltr'>architectis</span> <span class='ocrx_word' id='word_1_122' title='bbox 507 2411 629 2478; x_wconf 89' lang='lat' dir='ltr'>salaria</span> <span class='ocrx_word' id='word_1_123' title='bbox 652 2412 800 2478; x_wconf 88' lang='lat' dir='ltr'>instituit</span> <span class='ocrx_word' id='word_1_124' title='bbox 820 2417 854 2477; x_wconf 87' lang='lat' dir='ltr'>et</span> <span class='ocrx_word' id='word_1_125' title='bbox 876 2411 1046 2477; x_wconf 89' lang='lat' dir='ltr'>auditoria</span> <span class='ocrx_word' id='word_1_126' title='bbox 1069 2411 1221 2478; x_wconf 88' lang='lat' dir='ltr'>decreuit</span> 
     </span>
    </p>
   </div>
   <div class='ocr_carea' id='block_1_5' title="bbox 52 2524 1222 2706">
    <p class='ocr_par' dir='ltr' id='par_1_5' title="bbox 52 2524 1222 2706">
     <span class='ocr_line' id='line_1_18' title="bbox 52 2524 1222 2613; baseline 0.005 -27"><span class='ocrx_word' id='word_1_127' title='bbox 52 2529 81 2588; x_wconf 84' lang='lat' dir='ltr'>et</span> <span class='ocrx_word' id='word_1_128' title='bbox 113 2526 302 2613; x_wconf 88' lang='lat' dir='ltr'>discipulos</span> <span class='ocrx_word' id='word_1_129' title='bbox 328 2547 408 2592; x_wconf 88' lang='lat' dir='ltr'>cum</span> <span class='ocrx_word' id='word_1_130' title='bbox 432 2525 578 2591; x_wconf 88' lang='lat' dir='ltr'>annonis</span> <span class='ocrx_word' id='word_1_131' title='bbox 601 2546 793 2612; x_wconf 90' lang='lat' dir='ltr'>pauperum</span> <span class='ocrx_word' id='word_1_132' title='bbox 816 2524 904 2592; x_wconf 87' lang='lat' dir='ltr'>filios</span> <span class='ocrx_word' id='word_1_133' title='bbox 928 2525 1030 2592; x_wconf 87' lang='lat' dir='ltr'>modo</span> <span class='ocrx_word' id='word_1_134' title='bbox 1054 2525 1222 2611; x_wconf 89' lang='lat' dir='ltr'>ingenuos</span> 
     </span>
     <span class='ocr_line' id='line_1_19' title="bbox 53 2635 276 2706; baseline 0.018 -6"><span class='ocrx_word' id='word_1_135' title='bbox 53 2635 121 2704; x_wconf 90' lang='lat' dir='ltr'>dari</span> <span class='ocrx_word' id='word_1_136' title='bbox 144 2638 276 2706; x_wconf 87' lang='lat' dir='ltr'>iussit.”</span> 
     </span>
    </p>
   </div>
   <div class='ocr_carea' id='block_1_6' title="bbox 53 2750 1222 3160">
    <p class='ocr_par' dir='ltr' id='par_1_6' title="bbox 53 2750 1222 3160">
     <span class='ocr_line' id='line_1_20' title="bbox 92 2750 1221 2838; baseline 0 -20"><span class='ocrx_word' id='word_1_137' title='bbox 92 2751 188 2832; x_wconf 75' lang='lat' dir='ltr'>Quae</span> <span class='ocrx_word' id='word_1_138' title='bbox 212 2775 293 2820; x_wconf 91' lang='lat' dir='ltr'>cum</span> <span class='ocrx_word' id='word_1_139' title='bbox 316 2752 364 2817; x_wconf 89' lang='lat' dir='ltr'>ita</span> <span class='ocrx_word' id='word_1_140' title='bbox 387 2752 464 2832; x_wconf 87' lang='lat' dir='ltr'>sint,</span> <span class='ocrx_word' id='word_1_141' title='bbox 489 2752 601 2818; x_wconf 89' lang='lat' dir='ltr'>nescio</span> <span class='ocrx_word' id='word_1_142' title='bbox 625 2773 669 2818; x_wconf 91' lang='lat' dir='ltr'>an</span> <span class='ocrx_word' id='word_1_143' title='bbox 694 2751 797 2818; x_wconf 88' lang='lat' dir='ltr'>huius</span> <span class='ocrx_word' id='word_1_144' title='bbox 819 2751 940 2838; x_wconf 91' lang='lat' dir='ltr'>capitis</span> <span class='ocrx_word' id='word_1_145' title='bbox 958 2750 1057 2818; x_wconf 88' lang='lat' dir='ltr'>initio</span> <span class='ocrx_word' id='word_1_146' title='bbox 1069 2751 1221 2838; x_wconf 90' lang='lat' dir='ltr'>itemque</span> 
     </span>
     <span class='ocr_line' id='line_1_21' title="bbox 53 2861 1222 2952; baseline 0.003 -25"><span class='ocrx_word' id='word_1_147' title='bbox 53 2861 85 2927; x_wconf 88' lang='lat' dir='ltr'>in</span> <span class='ocrx_word' id='word_1_148' title='bbox 107 2867 289 2934; x_wconf 87' lang='lat' dir='ltr'>Prooemic</span> <span class='ocrx_word' id='word_1_149' title='bbox 312 2888 356 2932; x_wconf 92' lang='lat' dir='ltr'>ex</span> <span class='ocrx_word' id='word_1_150' title='bbox 380 2887 460 2933; x_wconf 89' lang='lat' dir='ltr'>vero</span> <span class='ocrx_word' id='word_1_151' title='bbox 486 2866 677 2952; x_wconf 89' lang='lat' dir='ltr'>scripserim</span> <span class='ocrx_word' id='word_1_152' title='bbox 690 2865 855 2932; x_wconf 86' lang='lat' dir='ltr'>alimenta</span> <span class='ocrx_word' id='word_1_153' title='bbox 868 2865 978 2950; x_wconf 84' lang='lat' dir='ltr'>magis</span> <span class='ocrx_word' id='word_1_154' title='bbox 990 2885 1097 2952; x_wconf 90' lang='lat' dir='ltr'>quam</span> <span class='ocrx_word' id='word_1_155' title='bbox 1109 2871 1222 2931; x_wconf 87' lang='lat' dir='ltr'>cetera</span> 
     </span>
     <span class='ocr_line' id='line_1_22' title="bbox 55 2973 1221 3066; baseline 0.001 -24"><span class='ocrx_word' id='word_1_156' title='bbox 55 2973 287 3047; x_wconf 82' lang='lat' dir='ltr'>Romanorum</span> <span class='ocrx_word' id='word_1_157' title='bbox 322 2979 474 3061; x_wconf 87' lang='lat' dir='ltr'>consilia,</span> <span class='ocrx_word' id='word_1_158' title='bbox 509 2980 545 3043; x_wconf 92' lang='lat' dir='ltr'>in</span> <span class='ocrx_word' id='word_1_159' title='bbox 582 2978 707 3066; x_wconf 92' lang='lat' dir='ltr'>quibus</span> <span class='ocrx_word' id='word_1_160' title='bbox 730 2977 953 3063; x_wconf 87' lang='lat' dir='ltr'>substitimus,</span> <span class='ocrx_word' id='word_1_161' title='bbox 977 2978 1020 3044; x_wconf 91' lang='lat' dir='ltr'>ad</span> <span class='ocrx_word' id='word_1_162' title='bbox 1043 2979 1221 3064; x_wconf 89' lang='lat' dir='ltr'>egentium</span> 
     </span>
     <span class='ocr_line' id='line_1_23' title="bbox 55 3087 526 3160; baseline 0.017 -9"><span class='ocrx_word' id='word_1_163' title='bbox 55 3087 173 3160; x_wconf 89' lang='lat' dir='ltr'>iustam</span> <span class='ocrx_word' id='word_1_164' title='bbox 198 3114 317 3160; x_wconf 92' lang='lat' dir='ltr'>curam</span> <span class='ocrx_word' id='word_1_165' title='bbox 339 3093 526 3160; x_wconf 86' lang='lat' dir='ltr'>accessisse.</span> 
     </span>
    </p>
   </div>
   <div class='ocr_carea' id='block_1_7' title="bbox 55 3231 243 3248">
    <p class='ocr_par' dir='ltr' id='par_1_7' title="bbox 55 3231 243 3248">
     <span class='ocr_line' id='line_1_24' title="bbox 55 3231 243 3248; baseline 0 0"><span class='ocrx_word' id='word_1_166' title='bbox 55 3231 243 3248; x_wconf 36' lang='grc' dir='ltr'>κ--ι-</span> 
     </span>
    </p>
   </div>
   <div class='ocr_carea' id='block_1_8' title="bbox 55 3310 1221 3470">
    <p class='ocr_par' dir='ltr' id='par_1_8' title="bbox 55 3310 1221 3470">
     <span class='ocr_line' id='line_1_25' title="bbox 87 3310 1221 3378; baseline -0.001 -16"><span class='ocrx_word' id='word_1_167' title='bbox 87 3310 104 3372; x_wconf 90' lang='lat' dir='ltr'>l)</span> <span class='ocrx_word' id='word_1_168' title='bbox 139 3315 216 3362; x_wconf 86' lang='lat' dir='ltr'>Immo</span> <span class='ocrx_word' id='word_1_169' title='bbox 242 3313 419 3362; x_wconf 84' lang='lat' dir='ltr'>beneficentiam</span> <span class='ocrx_word' id='word_1_170' title='bbox 445 3314 470 3362; x_wconf 88' lang='lat' dir='ltr'>in</span> <span class='ocrx_word' id='word_1_171' title='bbox 497 3313 617 3362; x_wconf 78' lang='lat' dir='ltr'>alimentis</span> <span class='ocrx_word' id='word_1_172' title='bbox 638 3313 675 3362; x_wconf 86' lang='lat' dir='ltr'>vel</span> <span class='ocrx_word' id='word_1_173' title='bbox 701 3313 807 3378; x_wconf 91' lang='lat' dir='ltr'>primum</span> <span class='ocrx_word' id='word_1_174' title='bbox 824 3313 898 3362; x_wconf 87' lang='lat' dir='ltr'>fuisse</span> <span class='ocrx_word' id='word_1_175' title='bbox 914 3317 981 3378; x_wconf 80' lang='lat' dir='ltr'>putat</span> <span class='ocrx_word' id='word_1_176' title='bbox 994 3313 1111 3378; x_wconf 79' lang='lat' dir='ltr'>Ruggierc</span> <span class='ocrx_word' id='word_1_177' title='bbox 1128 3316 1221 3377; x_wconf 79' lang='lat' dir='ltr'>(„scrge</span> 
     </span>
     <span class='ocr_line' id='line_1_26' title="bbox 55 3395 1186 3470; baseline 0.004 -30"><span class='ocrx_word' id='word_1_178' title='bbox 55 3397 221 3446; x_wconf 81' lang='lat' dir='ltr'>raturalmcnte</span> <span class='ocrx_word' id='word_1_179' title='bbox 238 3397 257 3445; x_wconf 94' lang='lat' dir='ltr'>il</span> <span class='ocrx_word' id='word_1_180' title='bbox 274 3397 389 3461; x_wconf 86' lang='lat' dir='ltr'>pensiero,</span> <span class='ocrx_word' id='word_1_181' title='bbox 407 3397 449 3445; x_wconf 86' lang='lat' dir='ltr'>cha</span> <span class='ocrx_word' id='word_1_182' title='bbox 466 3396 485 3444; x_wconf 91' lang='lat' dir='ltr'>il</span> <span class='ocrx_word' id='word_1_183' title='bbox 502 3398 549 3444; x_wconf 88' lang='lat' dir='ltr'>fine</span> <span class='ocrx_word' id='word_1_184' title='bbox 566 3397 600 3445; x_wconf 83' lang='lat' dir='ltr'>sic</span> <span class='ocrx_word' id='word_1_185' title='bbox 617 3401 675 3446; x_wconf 84' lang='lat' dir='ltr'>stato</span> <span class='ocrx_word' id='word_1_186' title='bbox 692 3397 805 3461; x_wconf 86' lang='lat' dir='ltr'>piuttcsto</span> <span class='ocrx_word' id='word_1_187' title='bbox 823 3396 908 3446; x_wconf 84' lang='lat' dir='ltr'>sociale</span> <span class='ocrx_word' id='word_1_188' title='bbox 922 3414 936 3444; x_wconf 92' lang='lat' dir='ltr'>o</span> <span class='ocrx_word' id='word_1_189' title='bbox 953 3397 978 3445; x_wconf 82' lang='lat' dir='ltr'>(li</span> <span class='ocrx_word' id='word_1_190' title='bbox 996 3395 1186 3470; x_wconf 79' lang='lat' dir='ltr'>hcncficcrrrc&#39;&#39;).¹</span> 
     </span>
    </p>
   </div>
   <div class='ocr_carea' id='block_1_9' title="bbox 0 0 1546 5128">
    <p class='ocr_par' dir='ltr' id='par_1_9' title="bbox 0 0 1546 5128">
     <span class='ocr_line' id='line_1_27' title="bbox 0 0 1546 5128; baseline 0 0"><span class='ocrx_word' id='word_1_191' title='bbox 0 0 1546 5128; x_wconf 95' lang='lat' dir='ltr'> </span> 
     </span>
    </p>
   </div>
  </div>
 </body>
</html>
