3040 5134
848 573 916 667 ,ιιι

342 751 389 818 At
421 773 503 818 oum
535 751 682 838 legimus
716 751 758 818 de
794 774 883 840 pane
910 750 1153 839 ,popularibus
1178 751 1302 839 quibus
1323 773 1394 817 non
1418 754 1457 818 ost

297 865 435 932 aliunde
459 865 639 931 solatium''
663 866 844 950 erogand0,
872 866 896 952 ¹)
920 887 1034 932 nonne
1059 865 1226 932 habemus
1249 864 1456 931 manifestam

297 980 454 1065 aprutium
478 978 656 1064 signifieat
648 1000 785 1045 1onem
775 980 791 1030 ‘l
836 980 885 1047 Ut
897 979 964 1046 Got
965 979 1149 1046 hofredus
1140 1002 1176 1044 ru
1189 979 1455 1046 Commentario:

300 1093 462 1179 „Nempe
487 1099 521 1158 et
507 1091 608 1158 tsoli
631 1092 731 1159 Ciues
753 1092 949 1159 Romaniet
935 1098 1121 1196 tpuuperos
1144 1093 1324 1180 populares
1341 1092 1455 1179 quibus
1508 1145 1512 1176 ,

298 1205 435 1271 aliunde
470 1205 564 1272 solat
543 1213 628 1271 trum
653 1227 721 1272 non
745 1213 828 1286 erat,
805 1206 947 1272 thunc
972 1228 1098 1293 panem
1121 1205 1289 1292 gradilem
1312 1206 1512 1293 accipere
1511 1179 1512 1268 l

298 1319 486 1406 poterant.''
522 1319 548 1404 ²)
571 1319 644 1404 Ego
669 1319 767 1386 valde
791 1318 954 1385 addubito
920 1326 1046 1385 ttreo
1047 1326 1147 1386 enet
1133 1319 1199 1385 tale
1225 1319 1306 1407 quid
1330 1313 1512 1385 existis

298 1432 411 1499 verbis
445 1438 594 1516 cogatur,
620 1432 745 1519 quibus
768 1433 860 1498 haud
885 1433 987 1498 dubie
1012 1433 1037 1498 ii
1060 1440 1196 1499 tantum
1220 1433 1454 1518 significantur,

225 1594 227 1600 ,
299 1545 359 1632 qui
395 1567 465 1610 non
499 1544 566 1611 alia
596 1545 637 1612 de
671 1567 773 1612 oausa
808 1569 934 1632 panem
968 1546 1201 1634 perciperent,
1244 1553 1283 1612 ut
1318 1546 1375 1633 qui
1411 1567 1455 1610 ae-

299 1659 357 1724 des
394 1658 621 1739 aedificarent,
657 1664 690 1724 et
725 1659 784 1745 qui
818 1666 898 1725 sunt
920 1660 1054 1745 generis
1077 1659 1239 1725 eiusdem.
1287 1660 1335 1726 Ut
1357 1658 1453 1725 estin

298 1773 371 1859 ipso
400 1772 482 1839 Ood.
506 1772 654 1838 Theod:
683 1773 755 1852 „Ita
779 1780 817 1838 ιιι
838 1773 892 1838 ius
920 1774 955 1838 in
980 1773 1033 1838 his
1056 1772 1172 1838 nullus
1195 1771 1322 1838 habeat
1344 1771 1454 1838 officia·

297 1886 348 1968 lis,
379 1885 495 1952 nullus
517 1907 644 1967 servus,
672 1907 784 1968 nemo,
810 1887 869 1974 qui
894 1887 1129 1952 aedificiorum
1152 1886 1319 1973 pereipiat
1341 1906 1453 1973 panem
1514 1931 1515 1940 ι

301 2047 440 2066 .....
464 1999 691 2086 Popularibus
714 2000 817 2081 enim,
842 2000 966 2088 quibus
990 2022 1060 2067 non
1077 2005 1127 2067 est
1144 1999 1283 2066 aliunde
1297 1999 1451 2076 solatium,

299 2113 424 2201 quibus
457 2113 550 2179 idem
584 2111 611 2199 8)
640 2114 738 2198 panis
765 2114 935 2201 hodieque
958 2113 1171 2195 distrahitur,
1196 2119 1230 2179 et
1254 2134 1371 2180 eorum
1393 2132 1454 2177 suo·
1514 2195 1515 2198 Ἴ

300 2226 486 2293 sessoribus
509 2226 689 2293 clementia
714 2234 828 2294 nostra
852 2227 1038 2314 deputabit,
1063 2228 1089 2313 4)
1112 2227 1149 2292 in
1173 2247 1243 2314 quo
1267 2247 1360 2292 nuno
1382 2225 1453 2292 emi·

300 2346 356 2406 tur
393 2339 477 2421 loeo,
515 2341 661 2427 propriis
698 2340 861 2426 gradibus
892 2341 1136 2426 erogandum.''
1176 2340 1340 2419 Somnium
1371 2359 1454 2406 voea-

300 2452 423 2519 bulum
456 2453 561 2538 igitur
594 2454 650 2521 hio
684 2455 803 2521 eodem
840 2454 940 2521 modo
968 2455 1125 2541 usurpari
1153 2453 1240 2519 mihi
1265 2472 1454 2540 persuasum

301 2571 351 2632 est
384 2572 487 2654 atque
521 2567 680 2634 solumina
713 2568 749 2634 O.
784 2569 812 2634 Ι.
848 2568 886 2634 L.
910 2567 955 2648 Il,
982 2569 1078 2650 1180,
1103 2567 1163 2634 ubi
1187 2567 1331 2633 affertur
1356 2565 1455 2648 ,adiu-

301 2687 354 2746 tor
376 2680 537 2767 praefecti
566 2702 722 2747 annonae
746 2681 790 2747 ad
812 2681 927 2748 oleum
950 2682 1075 2746 Afrum
1098 2687 1132 2748 et
1146 2681 1344 2767 Hispanum
1356 2699 1455 2746 reeen-

252 2817 257 2824 ·
301 2793 447 2860 sendum
468 2794 553 2860 item
579 2794 746 2861 solamina
769 2795 1004 2861 transferenda
1030 2801 1064 2861 et
1085 2801 1242 2862 -veoturas
1262 2790 1455 2861 naviculari·
1514 2873 1515 2878 ἵ

301 2929 338 2973 as
361 2907 616 2990 exsolvendas'',
636 2907 679 2973 ad
703 2929 807 2995 quem
830 2908 944 2975 locum
969 2907 1155 2975 Huebner:
1184 2907 1372 2989 ,Salamiua
1392 2902 1456 2970 sub·
1514 2961 1515 2994 ,

302 3021 388 3087 sidia
410 3023 599 3088 annonaria
622 3022 811 3106 significare
836 3044 880 3088 ex
902 3023 966 3089 hoo
990 3022 1089 3088 titulo
1117 3021 1187 3089 solo
1211 3021 1419 3088 concluditur
1440 3039 1457 3081 a
1514 3059 1515 3062 =

302 3133 505 3200 Foroellinio
529 3157 553 3200 s.
579 3157 621 3216 ιι,
646 3136 701 3201 oui
725 3135 952 3222 adstipulatur
974 3136 1188 3202 Hennenus.''
1213 3135 1261 3200 Αι
1280 3131 1458 3219 illisignifi·

301 3247 428 3313 cationi
451 3246 587 3313 additur
610 3248 694 3315 fides
713 3249 818 3315 altero
842 3249 942 3314 titulo
966 3249 1015 3335 (O.
1040 3250 1067 3315 Ι.
1081 3249 1120 3316 L.
1135 3249 1232 3330 VIII,
1247 3248 1337 3336 619),
1350 3249 1385 3314 in
1399 3265 1457 3332 quo

303 3369 591 3426 commemoratur
613 3364 855 3450 ,proo(urator)
880 3363 922 3428 ad
951 3362 1130 3429 solaminia
1142 3362 1218 3449 [sie]
1231 3369 1265 3428 et
1279 3358 1423 3428 horrea.’'
1437 3357 1458 3443 ⁸)

348 3474 499 3559 Singulis
532 3477 637 3560 igitur
670 3476 736 3543 illis
774 3477 948 3563 perpensis
980 3476 1104 3563 quibus
1140 3476 1366 3542 insistendum
1397 3492 1457 3538 esse

304 3589 433 3675 putavi,
459 3587 485 3676 6)
509 3591 621 3656 nescio
648 3613 692 3657 an
717 3591 906 3678 reperiatur
929 3611 1007 3656 vere
1032 3590 1162 3655 dietum
1186 3611 1256 3655 esse
1280 3589 1365 3655 illud
1378 3583 1458 3674 quod

338 3810 359 3873 ¹)
393 3811 551 3862 Cod'l'heod.
569 3811 586 3862 l.
604 3811 621 3861 l.
640 3813 662 3860 ὅ.

338 3898 360 3955 8)
394 3895 499 3945 Gothofr.
517 3897 554 3945 od.
572 3897 629 3946 Cod.
647 3896 735 3946 Thood.
753 3895 770 3944 l.
789 3895 806 3944 l.
825 3897 847 3945 6.

337 3976 358 4038 ³)
390 3978 540 4028 Ardiniensis
557 3996 598 4029 sou
615 3979 729 4029 sordidus.
751 3978 880 4044 [Gothofr.]
964 3965 965 3970 ι

338 4061 358 4121 ⁴)
392 4061 437 4109 Pro
456 4062 617 4127 „deputauit''.
637 4063 695 4128 [Id]

339 4145 358 4206 ⁶)
392 4144 428 4192 cf.
446 4145 563 4209 Ruggiero
580 4161 599 4194 a.
617 4161 640 4195 v.
657 4161 752 4195 annona
769 4147 907 4207 (militaris).
943 4148 978 4195 Do
994 4147 1038 4195 hoo
1055 4147 1126 4196 titulo
1143 4147 1221 4195 idem:
1242 4144 1332 4211 ,Mola
1350 4139 1458 4208 probabil-

304 4230 383 4276 mente
399 4228 516 4276 solamina
534 4231 570 4276 sta
587 4231 628 4293 per
643 4230 778 4279 anatomia
791 4230 923 4280 rubridia.'’

264 4292 278 4312 ⁰
339 4312 359 4372 ο)
392 4309 596 4376 Videpag.140.
