3122 5130
852 605 893 668 12

282 777 370 851 οὐδεὶς
389 778 477 840 οὐδενὶ
497 779 596 842 δίδωσι
614 791 674 844 τῶν
693 785 768 845 ἰδίων
787 779 982 862 ὑπαρχόντων
1002 779 1074 844 ἑκὼν
1095 765 1203 840 οὖδὲν.”
1226 776 1251 856 ¹)
1297 775 1459 842 Alterum

283 894 517 959 testimonium
551 895 697 963 Senecae
732 905 782 963 cst
817 898 876 983 qui
911 896 1109 983 sapientem,
1143 893 1253 981 qualis
1276 888 1450 975 exipsius

284 1007 451 1073 sententia
486 1030 555 1075 esse
590 1009 719 1092 debeat,
755 1013 792 1076 in
826 1011 920 1076 huno
956 1010 1098 1075 modum
1135 1003 1351 1074 multitudini
1391 1023 1449 1087 op·

283 1121 396 1205 ponit:
425 1121 624 1201 ,Succurret
647 1124 766 1190 alienis
781 1123 939 1204 lacrimis,
953 1145 1023 1189 non
1039 1121 1185 1188 accedet.
1199 1119 1294 1186 dabit
1306 1135 1451 1184 manum

284 1235 459 1320 naufrago,
499 1236 593 1301 exuli
631 1237 828 1324 hospitium,
869 1237 983 1322 egenti
1020 1237 1152 1322 stipem,
1193 1257 1219 1299 n
1232 1255 1252 1299 o
1265 1255 1289 1296 n
1326 1231 1450 1295 hanc
1552 1293 1553 1328 ,

284 1349 705 1432 contumeliosam,
737 1340 1449 1438 quaparsmaiorhorum,qui
1552 1329 1553 1418 Ῐ

285 1483 330 1526 se
368 1462 722 1530 misericordes
759 1465 923 1531 videri
969 1463 1156 1542 volunt,
1204 1458 1361 1525 abicit
1406 1460 1448 1519 et
1552 1505 1553 1542 ,

285 1575 489 1640 fastidit
523 1598 640 1663 quos
672 1578 879 1645 adiuvat
912 1575 1248 1660 contingique
1285 1570 1339 1636 ab
1374 1568 1447 1633 his

285 1689 435 1770 timet,
459 1689 518 1755 sed
541 1696 579 1755 ut
601 1690 705 1757 homo
730 1692 863 1757 homini
886 1713 930 1757 ex
953 1689 1130 1756 communi
1155 1685 1281 1761 dabit'?
1299 1683 1325 1769 2)
1349 1680 1447 1747 Adici

195 1787 198 1796 ’
285 1808 395 1887 potest
430 1803 522 1889 quod
554 1805 658 1870 tradit
691 1806 889 1872 Lactantius
901 1804 944 1892 3);
985 1804 1109 1883 „Recto
1133 1801 1238 1886 igitur
1261 1798 1389 1864 Seneca
1412 1795 1446 1858 in

285 1914 381 1980 libris
419 1916 620 1984 moralibus:
667 1919 867 2000 Simulacra,
906 1918 1031 2004 inquit,
1065 1915 1209 1982 deorum
1232 1914 1444 1986 venerantur,

287 2027 354 2094 illis
388 2030 582 2116 supplicant
615 2054 707 2118 genu
742 2035 860 2119 posito,
895 2032 955 2097 illa
990 2031 1142 2109 adorant,
1166 2027 1233 2092 illis
1256 2047 1317 2111 per
1339 2029 1447 2088 toturn

288 2143 438 2208 assident
471 2144 572 2226 diem,
608 2152 667 2211 aut
701 2153 837 2227 asstant,
873 2144 940 2210 illis
975 2145 1098 2230 stipem
1132 2142 1271 2220 iaciunt,
1295 2136 1449 2204 victimas

289 2256 448 2339 oaedunt;
482 2264 515 2324 et
538 2280 618 2324 cum
642 2259 726 2324 haec
749 2266 924 2346 tantopere
949 2256 1143 2343 suspiciant,
1167 2253 1288 2332 fabros,
1312 2249 1372 2337 qui
1393 2246 1449 2312 illa
1553 2269 1554 2288 ¹

290 2371 407 2452 fecere,
443 2378 677 2438 contemnunt.
724 2373 817 2451 Quid
833 2373 922 2438 inter
946 2393 980 2438 se
1004 2378 1076 2436 tam
1099 2367 1319 2445 contrarium,
1348 2382 1450 2450 quam

290 2485 493 2551 statuarium
528 2486 708 2572 despicere,
744 2493 892 2552 statuam
916 2485 1065 2564 adorare,
1090 2489 1123 2548 et
1146 2502 1226 2548 eum
1249 2500 1292 2543 ne
1316 2477 1353 2542 in
1377 2497 1450 2541 con·

290 2599 422 2664 victum
446 2600 586 2686 quidem
609 2599 796 2680 admittere,
822 2601 881 2687 qui
904 2599 966 2664 tibi
989 2598 1069 2663 deos
1091 2595 1236 2661 faciat?''
1280 2589 1451 2658 Iuvenalis

293 2713 433 2798 quidem
465 2714 503 2778 in
526 2720 639 2778 satura
662 2735 760 2799 saepe
785 2714 887 2778 nimis
910 2734 987 2778 acer
1010 2717 1068 2777 ost.
1093 2710 1120 2797 4)
1143 2705 1314 2773 Praeclari
1338 2710 1451 2768 tamen

292 2833 372 2890 sunt
405 2826 442 2891 hi
476 2848 594 2893 versus
628 2838 671 2892 e'x
705 2827 827 2893 Satura
859 2828 933 2892 III:
961 2825 984 2912 ⁵)
1012 2823 1087 2904 „Nil
1112 2808 1233 2887 habuit
1258 2817 1388 2884 Codrus
1411 2853 1452 2863 —

293 2939 369 3026 quis
391 2941 484 3005 enim
507 2941 636 3025 negat?
664 2980 708 2990 —
731 2948 764 3006 et
789 2949 905 3006 tamen
928 2938 1014 3005 illud
1037 2935 1190 3002 Perdidit
1213 2931 1334 2998 infelix
1346 2937 1454 2996 totum
1554 2995 1555 3034 ,

293 3053 390 3117 nihil.
416 3053 557 3119 ultimus
580 3061 696 3120 autem
719 3054 914 3120 Aerumnae
939 3059 988 3118 est
1014 3049 1181 3129 cumulus,
1208 3045 1300 3133 quod
1323 3043 1453 3109 nudum
1554 3047 1555 3090 l

295 3172 328 3232 et
340 3167 446 3231 frusta
458 3174 636 3252 rogantem
644 3169 753 3234 Nemo
763 3169 847 3249 cibo,
857 3163 1114 3250 nemohospitio
1124 3167 1280 3247 tectoque
1290 3156 1452 3224 iuvabit.''

292 3280 456 3345 Attamen
479 3303 549 3346 non
572 3282 915 3367 praetermittendum
937 3280 1041 3345 etiam
1057 3276 1190 3342 diversa
1201 3271 1352 3339 inveniri
1365 3269 1454 3357 apud

293 3394 479 3480 scriptores.
526 3395 574 3460 Ut
608 3416 687 3460 eum
720 3396 836 3461 Cicero
870 3395 959 3459 inter
993 3411 1119 3470 causas,
1149 3409 1210 3453 cur
1229 3385 1387 3451 homines
1399 3383 1454 3448 ho·
1554 3387 1555 3452 ἐ

293 3507 379 3571 mini
402 3507 485 3593 quid
508 3507 661 3573 tribuant
687 3509 750 3588 „ad
765 3531 844 3574 eum
857 3507 1055 3592 augendum
1067 3509 1169 3588 atque
1182 3496 1453 3565 honestandam
1554 3523 1555 3548 ³

294 3620 442 3705 primam
475 3621 632 3686 omnium
666 3623 764 3707 ponit
797 3619 1064 3688 benivolentiam
1089 3614 1124 3702 6),
1161 3620 1194 3678 ct
1218 3610 1299 3676 alibi
1324 3603 1453 3675 scribit:
1554 3649 1555 3694 ἒ

332 3767 350 3826 ¹)
372 3766 455 3830 Polyb.
473 3767 555 3830 fragm.
574 3767 626 3817 Lib.
641 3768 740 3825 XXXll,
758 3784 777 3816 c.
798 3768 837 3816 12.

328 3849 349 3908 ²)
374 3849 426 3897 San.
446 3851 481 3898 lla
497 3849 570 3899 Clem.
589 3850 624 3907 II,
642 3851 665 3908 6,
684 3851 707 3898 2.

329 3933 348 3988 ³)
374 3933 432 3982 Inst.
451 3932 636 3989 Div.‚Lih.11.

331 4017 351 4076 ⁴)
385 4015 454 4081 Quod
470 4015 533 4064 idam
551 4015 599 4064 dici
617 4018 694 4079 potest
710 4015 738 4064 da
754 4015 873 4064 Martialis
890 4012 1082 4078 Epigrammata.
1106 4009 1218 4056 Ceterum
1227 4021 1254 4053 ex
1263 4005 1308 4054 illo
1317 4005 1458 4053 laudandum

300 4103 335 4149 cst
350 4098 402 4148 Lib.
421 4099 441 4144 V
458 4098 540 4162 Epigr.
556 4098 667 4146 LXXXI:
686 4099 799 4162 „Semper
815 4114 903 4162 pauper
922 4097 977 4152 eris,
997 4095 1016 4142 si
1035 4109 1123 4157 pauper
1141 4108 1173 4150 es,
1192 4087 1333 4139 Aemiliane.
1368 4089 1459 4136 Dantur

300 4198 355 4246 opes
371 4181 435 4231 nulli
453 4197 517 4229 nunc
530 4181 578 4229 nisi
595 4180 737 4229 divitibus.’'

334 4265 352 4324 ⁵)
386 4265 430 4320 Ill,
449 4264 497 4313 208
514 4280 575 4328 seqq.

333 4348 352 4408 6)
380 4344 696 4402 Cic.1)00ff.11,6‚21.
