3122 5130
867 615 909 681 78

304 800 422 860 turum
456 817 526 861 esse
560 794 661 860 dicit:
713 794 902 874 ,Grabatus
935 794 992 861 ille
1028 819 1129 863 verus
1163 798 1206 862 sit
1240 805 1275 864 et
1296 789 1412 886 sagum
1433 807 1465 866 et

304 908 402 994 panis
421 908 527 973 durus
550 929 588 974 ac
612 907 776 972 sordidus
801 908 865 973 hoo
889 907 1001 973 triduo
1026 916 1058 974 et
1082 911 1264 996 quatriduo
1288 914 1346 994 fer,
1370 913 1464 978 inter-

304 1021 389 1086 dum
427 1020 592 1107 pluribus,
630 1027 669 1085 ut
692 1042 761 1085 non
784 1021 878 1086 lusus
901 1021 952 1102 sit,
976 1022 1035 1087 sed
1058 1025 1353 1109 experimentum:
1377 1033 1461 1105 tunc,

303 1134 391 1199 mihi
424 1134 531 1216 crede,
566 1133 686 1215 Lucili,
723 1133 907 1199 exsultabis
941 1134 1103 1220 dipondio
1127 1144 1220 1202 satur
1242 1145 1276 1203 et
1297 1139 1462 1223 intelleges

303 1248 346 1313 ad
380 1248 595 1314 securitatem
630 1268 699 1312 non
734 1270 819 1334 opus
852 1269 922 1312 esse
958 1248 1126 1316 fortunar
1150 1251 1215 1316 hoc
1247 1252 1348 1334 enim,
1378 1252 1461 1339 quod

303 1361 493 1428 necessitati
527 1366 578 1426 sat
600 1367 658 1442 est,
683 1361 741 1426 det
763 1368 797 1427 et
819 1361 936 1426 irata.''
959 1359 983 1442 ¹)
1029 1363 1136 1429 Paulo
1159 1365 1250 1430 infra
1273 1364 1299 1452 2)
1323 1367 1459 1451 denique

305 1476 440 1542 scribit:
492 1475 667 1556 ,Securius
705 1475 827 1541 divites
850 1476 986 1557 erimus,
1011 1476 1038 1541 si
1063 1477 1247 1560 scierimus,
1274 1501 1376 1565 quam
1397 1501 1459 1544 non

306 1590 348 1655 sit
386 1611 489 1675 grave
520 1587 693 1675 'pauperes
729 1590 831 1654 esse.''
878 1589 914 1654 Si
952 1589 1028 1675 quis
1051 1597 1166 1656 tamen
1189 1591 1336 1658 Senecae
1360 1591 1461 1659 verbis

305 1702 393 1768 nihil
416 1709 604 1784 moveatur,
628 1703 656 1767 is
679 1702 875 1768 meminerit
897 1703 966 1768 fere
990 1725 1033 1769 ne
1057 1705 1227 1770 tenuiores
1252 1706 1388 1791 quidem
1403 1726 1461 1770 ser·

306 1838 430 1883 vorum
453 1816 649 1882 ministeriis
671 1801 783 1882 carere
808 1817 965 1902 potuisse.
979 1815 1005 1903 1)
1030 1816 1135 1881 Illum
1160 1819 1219 1904 qui
1243 1840 1378 1886 servum
1399 1816 1458 1902 (vel

286 1933 432 2017 servos)
467 1930 556 1995 alere
591 1930 695 2016 possit
725 1930 940 1996 miseratione
971 1917 1193 1997 vehementer
1226 1931 1369 2017 dignum
1397 1952 1458 1996 esse

305 2045 466 2132 equidem
488 2065 559 2124 non
583 2044 739 2108 dixerim.
764 2043 789 2130 4)

347 2217 398 2282 De
427 2215 519 2282 civili
542 2215 779 2279 Romanorum
802 2213 1048 2279 communitate
1072 2237 1228 2280 necnon
1252 2215 1293 2281 de
1317 2213 1458 2302 pauperi-

304 2329 368 2395 bus
391 2350 578 2414 eorumque
603 2327 800 2393 condicione
824 2328 908 2393 haec
932 2327 1038 2393 habui
1062 2350 1148 2414 quae
1173 2328 1363 2394 scriberem.
1392 2328 1458 2392 lam

304 2451 517 2508 transeamus
556 2441 600 2506 ad
640 2440 783 2506 alteram
820 2441 923 2506 huius
957 2442 1196 2528 disputationis
1230 2449 1370 2528 partem,
1400 2461 1459 2527 qua

306 2578 408 2640 agam
430 2554 471 2619 de
495 2554 596 2619 modo
621 2575 688 2640 quo
712 2555 861 2619 Romani
884 2555 1143 2641 pauperioribus
1167 2555 1420 2642 prospiciebant.

341 2724 505 2787 1)1111(1.17.

339 2808 360 2869 ²)
384 2807 437 2869 §8-
563 2844 566 2851 ·

339 2891 358 2951 ³)
384 2890 421 2939 Cf.
447 2889 522 2953 Marq.
541 2889 594 2938 stv.
612 2889 649 2937 112
666 2906 716 2954 pag.
736 2889 791 2938 123.
819 2889 865 2953 Qui
884 2889 951 2938 nulla
968 2891 1086 2956 mancipia
1103 2891 1204 2949 haberet,
1222 2892 1344 2940 mendicus
1361 2895 1412 2940 erat.
1431 2888 1461 2935 cf.

306 2974 382 3039 Marq.
409 2973 426 3022 l.
443 2972 461 3021 l.
487 2977 510 3020 et
526 2971 589 3020 locos
617 2989 643 3020 ex
669 2972 763 3020 Catullo
790 2972 838 3034 (23,
866 2973 877 3020 l
907 2989 986 3036 seqq.;
1011 2973 1050 3031 24,
1069 2977 1093 3034 5)
1111 2978 1133 3022 et
1150 2974 1256 3022 Martiali
1275 2976 1327 3036 (xl,
1348 2975 1386 3035 32)
1403 2985 1462 3036 supra

306 3062 367 3123 (pag.
386 3059 416 3110 75
434 3073 488 3105 curn
505 3057 559 3104 adn.
578 3056 602 3116 1)
619 3055 730 3104 laudatos.

338 3143 358 3202 ⁴)
384 3139 493 3188 Ceterum
510 3139 623 3187 urbanam
640 3139 701 3188 vitae
716 3138 830 3186 rationem
848 3143 957 3187 ornatum
974 3139 1091 3202 quendam
1109 3140 1223 3202 flagitasse
1240 3144 1264 3189 et
1282 3143 1397 3198 decorum,
1413 3152 1463 3201 quae

305 3223 389 3273 multis
415 3223 503 3272 maiora
524 3225 601 3270 essent
617 3237 686 3285 quam
705 3221 825 3269 facultates
842 3221 993 3270 Friedlttmler
1010 3221 1036 3282 (l.
1054 3221 1071 3269 l.
1090 3238 1142 3286 pag.
1161 3223 1201 3284 26)
1219 3229 1313 3272 monet:
1334 3222 1463 3288 „Ueberdies

305 3323 353 3356 war
367 3307 441 3370 jeder,
458 3306 499 3354 der
515 3305 583 3353 nicht
598 3305 680 3368 gerade
696 3321 725 3352 zu
743 3305 787 3352 den
804 3309 924 3352 untersten
942 3304 1041 3352 Klaesen
1058 3305 1160 3368 gehlida,
1179 3306 1253 3354 durch
1262 3307 1301 3354 die
1317 3305 1464 3355 Verhiltaisse

306 3390 477 3439 unaufhbrlich
500 3405 529 3436 zu
547 3389 624 3436 einem
646 3404 677 3436 an
694 3387 745 3435 sich
762 3388 828 3455 nicht
845 3388 1025 3451 nothwendigen
1042 3389 1172 3437 Aufwande
1189 3406 1337 3453 gezwungen.
1355 3390 1398 3437 Die
1413 3388 1465 3434 Sitte

305 3475 404 3522 sorderte
429 3473 491 3521 auch
516 3488 562 3519 von
588 3471 730 3534 Geringeren
755 3471 823 3519 einen
844 3472 956 3534 gewissen
984 3471 1058 3518 Glanz
1076 3471 1102 3519 in
1120 3473 1162 3520 der
1178 3477 1287 3520 11111111
1305 3473 1465 3532 11111111111111,

306 3558 346 3606 (111
362 3557 442 3620 haufig
458 3556 510 3604 ihre
527 3555 608 3604 Krane
624 3554 748 3618 iiberstieg,
766 3553 803 3602 bei
822 3554 1022 3604 aeschafaleuten
1040 3571 1077 3602 am
1096 3555 1202 3603 meister.
1238 3555 1296 3604 Man
1315 3552 1466 3604 sohtmtesich

306 3656 353 3688 von
378 3640 446 3687 Thon
471 3655 500 3686 zu
526 3639 624 3702 speisem
650 3637 737 3685 kounte
763 3637 813 3684 sich
834 3637 956 3685 offentlich
973 3637 1040 3685 nicht
1056 3639 1139 3686 andere
1157 3637 1191 3685 111
1209 3639 1234 3686 11
1252 3639 1293 3686 der
1310 3639 1372 3702 Toga
1388 3637 1465 3700 aeigeu,

307 3723 356 3771 und
382 3721 448 3770 Viele
473 3721 540 3770 nicht
565 3721 626 3768 elme
652 3721 704 3768 eine
729 3719 822 3767 Anzahl
847 3736 893 3767 von
910 3719 1042 3784 Begleitern
1061 3721 1110 3768 und
1128 3721 1235 3770 Sklaven.
1271 3723 1331 3770 Eine
1348 3719 1465 3785 gituzeude

306 3805 415 3862 Armuth,
442 3805 494 3853 eine
513 3803 663 3868 kostspielige
681 3802 873 3866 Hungerleiderei
891 3819 938 3850 aar
955 3803 1007 3850 sehr
1024 3802 1155 3862 verbreitet,
1173 3804 1328 3852 Sohwindelei
1347 3804 1394 3852 und
1410 3803 1463 3849 Ban-

305 3889 393 3937 kerotte
418 3905 448 3936 an
474 3888 514 3936 der
538 3885 743 3950 Tagesordnung.'’
762 3885 885 3934 1111111.
904 3886 936 3943 Il,
956 3887 985 3937 57
1005 3887 1033 3934 de
1050 3887 1101 3934 viro
1119 3888 1220 3950 quodam
1237 3887 1278 3950 qui
1296 3887 1430 3950 magnificas
1446 3885 1465 3928 et

305 3975 387 4036 potens
404 3971 480 4020 videri
497 3970 617 4019 studebat:

540 4052 634 4117 „Quem
651 4068 705 4115 grex
722 4054 813 4115 togatus
831 4051 936 4114 sequitur
953 4055 976 4100 et
992 4052 1117 4116 capillatus

538 4136 673 4198 Recensque
690 4134 749 4182 sella
766 4134 893 4197 linteisque
910 4133 1028 4198 lorisque:

540 4218 710 4284 Oppigneravit
726 4218 795 4266 modo
813 4218 881 4265 modo
899 4217 928 4265 ad
946 4217 1014 4265 Cladi
1032 4234 1137 4266 mensam

541 4301 586 4350 Vix
605 4305 656 4350 octo
675 4301 781 4349 nummis
799 4300 907 4359 anulum,
924 4301 986 4348 unde
1004 4302 1118 4350 cenaret.''
