<?xml version="1.0" encoding="UTF-8"?>
<!DOCTYPE html PUBLIC "-//W3C//DTD XHTML 1.0 Transitional//EN"
    "http://www.w3.org/TR/xhtml1/DTD/xhtml1-transitional.dtd">
<html xmlns="http://www.w3.org/1999/xhtml" xml:lang="en" lang="en">
 <head>
  <title>
</title>
<meta http-equiv="Content-Type" content="text/html;charset=utf-8" />
  <meta name='ocr-system' content='tesseract 3.04.00' />
  <meta name='ocr-capabilities' content='ocr_page ocr_carea ocr_par ocr_line ocrx_word'/>
</head>
<body>
  <div class='ocr_page' id='page_1' title='image "./depauperumcuraa01essegoog_0299.png"; bbox 0 0 3084 5128; ppageno 0'>
   <div class='ocr_carea' id='block_1_1' title="bbox 833 666 898 732">
    <p class='ocr_par' dir='ltr' id='par_1_1' title="bbox 833 666 898 732">
     <span class='ocr_line' id='line_1_1' title="bbox 833 666 898 732; baseline 0 0"><span class='ocrx_word' id='word_1_1' title='bbox 833 666 898 732; x_wconf 84' lang='grc'><strong>278</strong></span> 
     </span>
    </p>
   </div>
   <div class='ocr_carea' id='block_1_2' title="bbox 283 843 1465 4230">
    <p class='ocr_par' dir='ltr' id='par_1_2' title="bbox 285 843 1465 1500">
     <span class='ocr_line' id='line_1_2' title="bbox 372 843 1252 933; baseline -0.005 -21"><span class='ocrx_word' id='word_1_2' title='bbox 372 847 470 914; x_wconf 80' lang='lat' dir='ltr'><strong>Haeo</strong></span> <span class='ocrx_word' id='word_1_3' title='bbox 492 845 551 913; x_wconf 89' lang='lat' dir='ltr'><strong>alii</strong></span> <span class='ocrx_word' id='word_1_4' title='bbox 573 846 725 933; x_wconf 79' lang='lat' dir='ltr'><strong>cupient,</strong></span> <span class='ocrx_word' id='word_1_5' title='bbox 748 844 849 911; x_wconf 85' lang='lat' dir='ltr'><strong>liceat</strong></span> <span class='ocrx_word' id='word_1_6' title='bbox 871 844 958 910; x_wconf 88' lang='lat' dir='ltr'><strong>mihi</strong></span> <span class='ocrx_word' id='word_1_7' title='bbox 981 865 1131 932; x_wconf 84' lang='lat' dir='ltr'>paupere</span> <span class='ocrx_word' id='word_1_8' title='bbox 1156 843 1252 910; x_wconf 86' lang='lat' dir='ltr'><strong>cultu</strong></span> 
     </span>
     <span class='ocr_line' id='line_1_3' title="bbox 416 957 1057 1045; baseline -0.006 -19"><span class='ocrx_word' id='word_1_9' title='bbox 416 960 542 1026; x_wconf 84' lang='lat' dir='ltr'><strong>Seeure</strong></span> <span class='ocrx_word' id='word_1_10' title='bbox 565 981 644 1026; x_wconf 82' lang='lat' dir='ltr'><strong>cara</strong></span> <span class='ocrx_word' id='word_1_11' title='bbox 666 959 812 1044; x_wconf 83' lang='lat' dir='ltr'><strong>coniuge</strong></span> <span class='ocrx_word' id='word_1_12' title='bbox 836 980 931 1045; x_wconf 85' lang='lat' dir='ltr'><strong>posse</strong></span> <span class='ocrx_word' id='word_1_13' title='bbox 955 957 1057 1024; x_wconf 84' lang='lat' dir='ltr'><strong>frui.&#39;&#39;</strong></span> 
     </span>
     <span class='ocr_line' id='line_1_4' title="bbox 285 1069 1465 1157; baseline -0.003 -18"><span class='ocrx_word' id='word_1_14' title='bbox 285 1071 443 1140; x_wconf 82' lang='lat' dir='ltr'>Tibullus</span> <span class='ocrx_word' id='word_1_15' title='bbox 477 1072 623 1157; x_wconf 81' lang='lat' dir='ltr'><strong>equestri</strong></span> <span class='ocrx_word' id='word_1_16' title='bbox 657 1070 788 1137; x_wconf 86' lang='lat' dir='ltr'><strong>familia</strong></span> <span class='ocrx_word' id='word_1_17' title='bbox 822 1078 924 1152; x_wconf 87' lang='lat' dir='ltr'><strong>ortus,</strong></span> <span class='ocrx_word' id='word_1_18' title='bbox 959 1070 1038 1137; x_wconf 90' lang='lat' dir='ltr'><strong>lieet</strong></span> <span class='ocrx_word' id='word_1_19' title='bbox 1061 1069 1268 1138; x_wconf 84' lang='lat' dir='ltr'><strong>triumvirali</strong></span> <span class='ocrx_word' id='word_1_20' title='bbox 1291 1092 1465 1156; x_wconf 88' lang='lat' dir='ltr'><strong>agrorum</strong></span> 
     </span>
     <span class='ocr_line' id='line_1_5' title="bbox 286 1185 1465 1271; baseline -0.002 -19"><span class='ocrx_word' id='word_1_21' title='bbox 286 1187 452 1254; x_wconf 87' lang='lat' dir='ltr'><strong>divisione</strong></span> <span class='ocrx_word' id='word_1_22' title='bbox 476 1186 642 1252; x_wconf 88' lang='lat' dir='ltr'><strong>maiorem</strong></span> <span class='ocrx_word' id='word_1_23' title='bbox 664 1191 797 1271; x_wconf 91' lang='lat' dir='ltr'><strong>partem</strong></span> <span class='ocrx_word' id='word_1_24' title='bbox 822 1185 1020 1271; x_wconf 78' lang='lat' dir='ltr'>patrimonii</span> <span class='ocrx_word' id='word_1_25' title='bbox 1043 1185 1219 1265; x_wconf 87' lang='lat' dir='ltr'><strong>amisisset,</strong></span> <span class='ocrx_word' id='word_1_26' title='bbox 1236 1190 1354 1251; x_wconf 85' lang='lat' dir='ltr'><strong>tamen</strong></span> <span class='ocrx_word' id='word_1_27' title='bbox 1376 1185 1465 1250; x_wconf 90' lang='lat' dir='ltr'><strong>satis</strong></span> 
     </span>
     <span class='ocr_line' id='line_1_6' title="bbox 287 1297 887 1381; baseline -0.003 -15"><span class='ocrx_word' id='word_1_28' title='bbox 287 1300 483 1381; x_wconf 78' lang='lat' dir='ltr'><strong>retinuerat,</strong></span> <span class='ocrx_word' id='word_1_29' title='bbox 507 1299 599 1365; x_wconf 92' lang='lat' dir='ltr'><strong>unde</strong></span> <span class='ocrx_word' id='word_1_30' title='bbox 624 1297 722 1364; x_wconf 83' lang='lat' dir='ltr'><strong>facile</strong></span> <span class='ocrx_word' id='word_1_31' title='bbox 746 1297 887 1364; x_wconf 88' lang='lat' dir='ltr'><strong>viveret.</strong></span> 
     </span>
     <span class='ocr_line' id='line_1_7' title="bbox 330 1410 939 1500; baseline -0.002 -21"><span class='ocrx_word' id='word_1_32' title='bbox 330 1413 447 1479; x_wconf 83' lang='lat' dir='ltr'><strong>Senee.</strong></span> <span class='ocrx_word' id='word_1_33' title='bbox 471 1413 536 1500; x_wconf 84' lang='lat' dir='ltr'><strong>Ep.</strong></span> <span class='ocrx_word' id='word_1_34' title='bbox 559 1412 646 1478; x_wconf 86' lang='lat' dir='ltr'><strong>Mer.</strong></span> <span class='ocrx_word' id='word_1_35' title='bbox 669 1410 696 1489; x_wconf 83' lang='grc' dir='ltr'><strong>Ι,</strong></span> <span class='ocrx_word' id='word_1_36' title='bbox 720 1433 774 1499; x_wconf 94' lang='lat' dir='ltr'><strong>ep.</strong></span> <span class='ocrx_word' id='word_1_37' title='bbox 799 1412 829 1492; x_wconf 83' lang='lat'><strong>2,</strong></span> <span class='ocrx_word' id='word_1_38' title='bbox 853 1411 884 1493; x_wconf 88' lang='lat'><strong>5,</strong></span> <span class='ocrx_word' id='word_1_39' title='bbox 898 1413 939 1478; x_wconf 87' lang='lat'><strong>6:</strong></span> 
     </span>
    </p>

    <p class='ocr_par' dir='ltr' id='par_1_3' title="bbox 330 1523 1413 1952">
     <span class='ocr_line' id='line_1_8' title="bbox 378 1523 1413 1612; baseline 0 -22"><span class='ocrx_word' id='word_1_40' title='bbox 378 1525 648 1606; x_wconf 72' lang='lat' dir='ltr'><strong>„Honesta</strong></span> <span class='ocrx_word' id='word_1_41' title='bbox 683 1525 798 1612; x_wconf 89' lang='lat' dir='ltr'><strong>inquit</strong></span> <span class='ocrx_word' id='word_1_42' title='bbox 831 1525 1037 1612; x_wconf 80' lang='lat' dir='ltr'><strong>(Epicurus),</strong></span> <span class='ocrx_word' id='word_1_43' title='bbox 1073 1547 1147 1592; x_wconf 83' lang='lat' dir='ltr'><strong>ree</strong></span> <span class='ocrx_word' id='word_1_44' title='bbox 1177 1523 1413 1591; x_wconf 87' lang='lat' dir='ltr'><strong>estlaeta</strong></span> 
     </span>
     <span class='ocr_line' id='line_1_9' title="bbox 330 1637 1411 1727; baseline 0 -22"><span class='ocrx_word' id='word_1_45' title='bbox 330 1645 631 1727; x_wconf 85' lang='lat' dir='ltr'><strong>paupertaa.“</strong></span> <span class='ocrx_word' id='word_1_46' title='bbox 679 1638 744 1704; x_wconf 89' lang='lat' dir='ltr'><strong>Ille</strong></span> <span class='ocrx_word' id='word_1_47' title='bbox 780 1660 859 1706; x_wconf 86' lang='lat' dir='ltr'><strong>vero</strong></span> <span class='ocrx_word' id='word_1_48' title='bbox 883 1661 953 1705; x_wconf 88' lang='lat' dir='ltr'><strong>non</strong></span> <span class='ocrx_word' id='word_1_49' title='bbox 977 1645 1027 1705; x_wconf 89' lang='lat' dir='ltr'><strong>est</strong></span> <span class='ocrx_word' id='word_1_50' title='bbox 1050 1645 1242 1727; x_wconf 80' lang='lat' dir='ltr'><strong>paupertas,</strong></span> <span class='ocrx_word' id='word_1_51' title='bbox 1267 1638 1295 1704; x_wconf 88' lang='lat' dir='ltr'><strong>si</strong></span> <span class='ocrx_word' id='word_1_52' title='bbox 1318 1637 1411 1705; x_wconf 87' lang='lat' dir='ltr'><strong>laeta</strong></span> 
     </span>
     <span class='ocr_line' id='line_1_10' title="bbox 331 1752 1411 1840; baseline -0.001 -21"><span class='ocrx_word' id='word_1_53' title='bbox 331 1760 390 1820; x_wconf 88' lang='lat' dir='ltr'><strong>est.</strong></span> <span class='ocrx_word' id='word_1_54' title='bbox 414 1774 485 1819; x_wconf 90' lang='lat' dir='ltr'><strong>non</strong></span> <span class='ocrx_word' id='word_1_55' title='bbox 509 1753 569 1840; x_wconf 94' lang='lat' dir='ltr'><strong>qui</strong></span> <span class='ocrx_word' id='word_1_56' title='bbox 593 1774 716 1839; x_wconf 87' lang='lat' dir='ltr'><strong>parum</strong></span> <span class='ocrx_word' id='word_1_57' title='bbox 739 1752 852 1835; x_wconf 85' lang='lat' dir='ltr'><strong>habet,</strong></span> <span class='ocrx_word' id='word_1_58' title='bbox 880 1753 938 1820; x_wconf 85' lang='lat' dir='ltr'><strong>aed</strong></span> <span class='ocrx_word' id='word_1_59' title='bbox 963 1753 1023 1838; x_wconf 91' lang='lat' dir='ltr'><strong>qui</strong></span> <span class='ocrx_word' id='word_1_60' title='bbox 1046 1753 1124 1839; x_wconf 90' lang='lat' dir='ltr'><strong>plus</strong></span> <span class='ocrx_word' id='word_1_61' title='bbox 1147 1752 1251 1838; x_wconf 87' lang='lat' dir='ltr'><strong>eupit,</strong></span> <span class='ocrx_word' id='word_1_62' title='bbox 1277 1773 1411 1839; x_wconf 80' lang='lat' dir='ltr'><strong>pauper</strong></span> 
     </span>
     <span class='ocr_line' id='line_1_11' title="bbox 330 1865 465 1952; baseline -0.015 -18"><span class='ocrx_word' id='word_1_63' title='bbox 330 1867 412 1934; x_wconf 83' lang='lat' dir='ltr'><strong>est.&#39;&#39;</strong></span> <span class='ocrx_word' id='word_1_64' title='bbox 439 1865 465 1952; x_wconf 85' lang='lat'><strong>¹)</strong></span> 
     </span>
    </p>

    <p class='ocr_par' dir='ltr' id='par_1_4' title="bbox 283 1978 1456 2294">
     <span class='ocr_line' id='line_1_12' title="bbox 283 1978 1456 2067; baseline -0.001 -20"><span class='ocrx_word' id='word_1_65' title='bbox 283 1981 462 2067; x_wconf 82' lang='lat' dir='ltr'><strong>Significat</strong></span> <span class='ocrx_word' id='word_1_66' title='bbox 494 2002 566 2046; x_wconf 92' lang='lat' dir='ltr'><strong>rem</strong></span> <span class='ocrx_word' id='word_1_67' title='bbox 590 1979 716 2047; x_wconf 88' lang='lat' dir='ltr'><strong>laetam</strong></span> <span class='ocrx_word' id='word_1_68' title='bbox 740 1979 834 2047; x_wconf 89' lang='lat' dir='ltr'><strong>nulle</strong></span> <span class='ocrx_word' id='word_1_69' title='bbox 859 1986 957 2067; x_wconf 88' lang='lat' dir='ltr'><strong>paeto</strong></span> <span class='ocrx_word' id='word_1_70' title='bbox 980 1980 1016 2045; x_wconf 89' lang='lat' dir='ltr'><strong>id</strong></span> <span class='ocrx_word' id='word_1_71' title='bbox 1043 2001 1114 2045; x_wconf 87' lang='lat' dir='ltr'><strong>esse</strong></span> <span class='ocrx_word' id='word_1_72' title='bbox 1137 1999 1244 2066; x_wconf 86' lang='lat' dir='ltr'><strong>posse,</strong></span> <span class='ocrx_word' id='word_1_73' title='bbox 1273 1978 1365 2063; x_wconf 90' lang='lat' dir='ltr'><strong>quod</strong></span> <span class='ocrx_word' id='word_1_74' title='bbox 1391 2000 1456 2066; x_wconf 88' lang='lat' dir='ltr'><strong>per</strong></span> 
     </span>
     <span class='ocr_line' id='line_1_13' title="bbox 287 2091 1456 2183; baseline -0.003 -22"><span class='ocrx_word' id='word_1_75' title='bbox 287 2095 565 2183; x_wconf 84' lang='lat' dir='ltr'><strong>„paupertatem”</strong></span> <span class='ocrx_word' id='word_1_76' title='bbox 590 2094 761 2180; x_wconf 86' lang='lat' dir='ltr'><strong>designari</strong></span> <span class='ocrx_word' id='word_1_77' title='bbox 785 2093 899 2175; x_wconf 82' lang='lat' dir='ltr'><strong>soleat,</strong></span> <span class='ocrx_word' id='word_1_78' title='bbox 924 2116 998 2160; x_wconf 88' lang='lat' dir='ltr'><strong>rem</strong></span> <span class='ocrx_word' id='word_1_79' title='bbox 1022 2091 1150 2160; x_wconf 87' lang='lat' dir='ltr'><strong>seilicet</strong></span> <span class='ocrx_word' id='word_1_80' title='bbox 1172 2092 1456 2177; x_wconf 87' lang='lat' dir='ltr'><strong>ingratissimam.</strong></span> 
     </span>
     <span class='ocr_line' id='line_1_14' title="bbox 328 2207 780 2294; baseline -0.007 -19"><span class='ocrx_word' id='word_1_81' title='bbox 328 2208 416 2275; x_wconf 92' lang='lat' dir='ltr'><strong>Ibid.</strong></span> <span class='ocrx_word' id='word_1_82' title='bbox 439 2207 486 2289; x_wconf 96' lang='lat' dir='ltr'><strong>II,</strong></span> <span class='ocrx_word' id='word_1_83' title='bbox 510 2229 563 2294; x_wconf 90' lang='lat' dir='ltr'><strong>ep.</strong></span> <span class='ocrx_word' id='word_1_84' title='bbox 589 2207 610 2273; x_wconf 86' lang='lat'>5</span> <span class='ocrx_word' id='word_1_85' title='bbox 634 2208 714 2294; x_wconf 83' lang='lat'><strong>(17),</strong></span> <span class='ocrx_word' id='word_1_86' title='bbox 739 2207 780 2274; x_wconf 83' lang='lat'><strong>5:</strong></span> 
     </span>
    </p>

    <p class='ocr_par' dir='ltr' id='par_1_5' title="bbox 330 2320 1411 2522">
     <span class='ocr_line' id='line_1_15' title="bbox 375 2320 1411 2408; baseline -0.004 -20"><span class='ocrx_word' id='word_1_87' title='bbox 375 2321 431 2404; x_wconf 82' lang='lat' dir='ltr'><strong>,Si</strong></span> <span class='ocrx_word' id='word_1_88' title='bbox 465 2321 516 2388; x_wconf 87' lang='lat' dir='ltr'><strong>vis</strong></span> <span class='ocrx_word' id='word_1_89' title='bbox 551 2341 670 2387; x_wconf 85' lang='lat' dir='ltr'><strong>vacare</strong></span> <span class='ocrx_word' id='word_1_90' title='bbox 706 2321 832 2402; x_wconf 85' lang='lat' dir='ltr'><strong>animo,</strong></span> <span class='ocrx_word' id='word_1_91' title='bbox 868 2328 927 2387; x_wconf 87' lang='lat' dir='ltr'><strong>aut</strong></span> <span class='ocrx_word' id='word_1_92' title='bbox 961 2341 1092 2408; x_wconf 88' lang='lat' dir='ltr'><strong>pauper</strong></span> <span class='ocrx_word' id='word_1_93' title='bbox 1121 2320 1165 2386; x_wconf 87' lang='lat' dir='ltr'><strong>sia</strong></span> <span class='ocrx_word' id='word_1_94' title='bbox 1189 2325 1323 2406; x_wconf 90' lang='lat' dir='ltr'><strong>oportet</strong></span> <span class='ocrx_word' id='word_1_95' title='bbox 1349 2325 1411 2385; x_wconf 85' lang='lat' dir='ltr'><strong>aut</strong></span> 
     </span>
     <span class='ocr_line' id='line_1_16' title="bbox 330 2433 648 2522; baseline -0.003 -21"><span class='ocrx_word' id='word_1_96' title='bbox 330 2435 474 2522; x_wconf 89' lang='lat' dir='ltr'><strong>pauperi</strong></span> <span class='ocrx_word' id='word_1_97' title='bbox 496 2433 648 2500; x_wconf 82' lang='lat' dir='ltr'><strong>similis&#39;&#39;</strong></span> 
     </span>
    </p>

    <p class='ocr_par' dir='ltr' id='par_1_6' title="bbox 329 2547 856 2635">
     <span class='ocr_line' id='line_1_17' title="bbox 329 2547 856 2635; baseline 0.004 -22"><span class='ocrx_word' id='word_1_98' title='bbox 329 2547 418 2614; x_wconf 87' lang='lat' dir='ltr'><strong>Ibid.</strong></span> <span class='ocrx_word' id='word_1_99' title='bbox 441 2548 540 2629; x_wconf 93' lang='lat' dir='ltr'><strong>XIII,</strong></span> <span class='ocrx_word' id='word_1_100' title='bbox 565 2569 618 2635; x_wconf 92' lang='lat' dir='ltr'><strong>ep.</strong></span> <span class='ocrx_word' id='word_1_101' title='bbox 642 2550 662 2614; x_wconf 84' lang='lat'><strong>2</strong></span> <span class='ocrx_word' id='word_1_102' title='bbox 686 2550 766 2635; x_wconf 83' lang='lat'><strong>(87),</strong></span> <span class='ocrx_word' id='word_1_103' title='bbox 792 2549 856 2615; x_wconf 82' lang='lat'><strong>40:</strong></span> 
     </span>
    </p>

    <p class='ocr_par' dir='ltr' id='par_1_7' title="bbox 328 2662 1411 2972">
     <span class='ocr_line' id='line_1_18' title="bbox 375 2662 1411 2750; baseline -0.001 -23"><span class='ocrx_word' id='word_1_104' title='bbox 375 2663 473 2743; x_wconf 90' lang='lat' dir='ltr'><strong>,Non</strong></span> <span class='ocrx_word' id='word_1_105' title='bbox 520 2662 629 2744; x_wconf 82' lang='lat' dir='ltr'><strong>vidae,</strong></span> <span class='ocrx_word' id='word_1_106' title='bbox 668 2663 751 2750; x_wconf 90' lang='lat' dir='ltr'><strong>quid</strong></span> <span class='ocrx_word' id='word_1_107' title='bbox 786 2662 879 2729; x_wconf 87' lang='lat' dir='ltr'><strong>aliud</strong></span> <span class='ocrx_word' id='word_1_108' title='bbox 914 2662 957 2727; x_wconf 89' lang='lat' dir='ltr'><strong>sit</strong></span> <span class='ocrx_word' id='word_1_109' title='bbox 981 2665 1269 2749; x_wconf 66' lang='lat' dir='ltr'><strong>&#39;paupertas</strong></span> <span class='ocrx_word' id='word_1_110' title='bbox 1303 2682 1411 2748; x_wconf 91' lang='lat' dir='ltr'><strong>quam</strong></span> 
     </span>
     <span class='ocr_line' id='line_1_19' title="bbox 328 2776 792 2865; baseline 0 -22"><span class='ocrx_word' id='word_1_111' title='bbox 328 2776 472 2865; x_wconf 89' lang='lat' dir='ltr'><strong>parvi</strong></span> <span class='ocrx_word' id='word_1_112' title='bbox 505 2776 792 2862; x_wconf 86' lang='lat' dir='ltr'><strong>possessi0.&#39;’</strong></span> 
     </span>
     <span class='ocr_line' id='line_1_20' title="bbox 329 2890 642 2972; baseline -0.003 -15"><span class='ocrx_word' id='word_1_113' title='bbox 329 2890 430 2957; x_wconf 88' lang='lat' dir='ltr'><strong>Mart.</strong></span> <span class='ocrx_word' id='word_1_114' title='bbox 452 2890 497 2969; x_wconf 84' lang='grc' dir='ltr'><strong>ΙΙ,</strong></span> <span class='ocrx_word' id='word_1_115' title='bbox 522 2890 574 2972; x_wconf 87' lang='grc'><strong>90,</strong></span> <span class='ocrx_word' id='word_1_116' title='bbox 599 2891 642 2956; x_wconf 84' lang='lat'><strong>3:</strong></span> 
     </span>
    </p>

    <p class='ocr_par' dir='ltr' id='par_1_8' title="bbox 375 3000 1333 3091">
     <span class='ocr_line' id='line_1_21' title="bbox 375 3000 1333 3091; baseline -0.006 -19"><span class='ocrx_word' id='word_1_117' title='bbox 375 3004 520 3086; x_wconf 86' lang='lat' dir='ltr'><strong>„Vivere</strong></span> <span class='ocrx_word' id='word_1_118' title='bbox 544 3003 636 3090; x_wconf 89' lang='lat' dir='ltr'><strong>quod</strong></span> <span class='ocrx_word' id='word_1_119' title='bbox 660 3025 805 3091; x_wconf 89' lang='lat' dir='ltr'><strong>propero</strong></span> <span class='ocrx_word' id='word_1_120' title='bbox 828 3024 959 3090; x_wconf 90' lang='lat' dir='ltr'><strong>pauper</strong></span> <span class='ocrx_word' id='word_1_121' title='bbox 983 3024 1046 3070; x_wconf 89' lang='lat' dir='ltr'><strong>nee</strong></span> <span class='ocrx_word' id='word_1_122' title='bbox 1068 3000 1201 3068; x_wconf 89' lang='lat' dir='ltr'><strong>inutilis</strong></span> <span class='ocrx_word' id='word_1_123' title='bbox 1224 3001 1333 3082; x_wconf 85' lang='lat' dir='ltr'><strong>anuis,</strong></span> 
     </span>
    </p>

    <p class='ocr_par' dir='ltr' id='par_1_9' title="bbox 373 3117 621 3185">
     <span class='ocr_line' id='line_1_22' title="bbox 373 3117 621 3185; baseline -0.004 -1"><span class='ocrx_word' id='word_1_124' title='bbox 373 3119 427 3184; x_wconf 92' lang='lat' dir='ltr'><strong>Da</strong></span> <span class='ocrx_word' id='word_1_125' title='bbox 451 3117 621 3185; x_wconf 87' lang='lat' dir='ltr'><strong>veniam.’&#39;</strong></span> 
     </span>
    </p>

    <p class='ocr_par' dir='ltr' id='par_1_10' title="bbox 284 3233 1453 4230">
     <span class='ocr_line' id='line_1_23' title="bbox 284 3233 1453 3318; baseline -0.002 -21"><span class='ocrx_word' id='word_1_126' title='bbox 284 3233 390 3298; x_wconf 86' lang='lat' dir='ltr'><strong>Poeta</strong></span> <span class='ocrx_word' id='word_1_127' title='bbox 418 3252 607 3318; x_wconf 87' lang='lat' dir='ltr'><strong>pauperem</strong></span> <span class='ocrx_word' id='word_1_128' title='bbox 639 3253 673 3297; x_wconf 88' lang='lat' dir='ltr'><strong>se</strong></span> <span class='ocrx_word' id='word_1_129' title='bbox 709 3235 897 3318; x_wconf 84' lang='lat' dir='ltr'><strong>nuncupat,</strong></span> <span class='ocrx_word' id='word_1_130' title='bbox 932 3251 1014 3296; x_wconf 89' lang='lat' dir='ltr'><strong>eum</strong></span> <span class='ocrx_word' id='word_1_131' title='bbox 1047 3236 1164 3296; x_wconf 85' lang='lat' dir='ltr'><strong>tamen</strong></span> <span class='ocrx_word' id='word_1_132' title='bbox 1188 3249 1338 3317; x_wconf 87' lang='lat' dir='ltr'><strong>parvum</strong></span> <span class='ocrx_word' id='word_1_133' title='bbox 1359 3249 1453 3315; x_wconf 89' lang='lat' dir='ltr'><strong>prae·</strong></span> 
     </span>
     <span class='ocr_line' id='line_1_24' title="bbox 285 3342 653 3431; baseline -0.005 -20"><span class='ocrx_word' id='word_1_134' title='bbox 285 3345 381 3411; x_wconf 90' lang='lat' dir='ltr'><strong>dium</strong></span> <span class='ocrx_word' id='word_1_135' title='bbox 405 3343 602 3431; x_wconf 87' lang='lat' dir='ltr'><strong>possideret.</strong></span> <span class='ocrx_word' id='word_1_136' title='bbox 626 3342 653 3430; x_wconf 80' lang='lat'><strong>⁸)</strong></span> 
     </span>
     <span class='ocr_line' id='line_1_25' title="bbox 329 3457 705 3540; baseline -0.003 -15"><span class='ocrx_word' id='word_1_137' title='bbox 329 3457 417 3525; x_wconf 88' lang='lat' dir='ltr'><strong>Ibid.</strong></span> <span class='ocrx_word' id='word_1_138' title='bbox 441 3457 504 3540; x_wconf 93' lang='lat' dir='ltr'><strong>XI,</strong></span> <span class='ocrx_word' id='word_1_139' title='bbox 530 3458 593 3524; x_wconf 84' lang='lat'><strong>32:</strong></span> <span class='ocrx_word' id='word_1_140' title='bbox 702 3495 705 3499; x_wconf 93' lang='lat'>·</span> 
     </span>
     <span class='ocr_line' id='line_1_26' title="bbox 376 3569 1331 3657; baseline -0.002 -19"><span class='ocrx_word' id='word_1_141' title='bbox 376 3571 466 3653; x_wconf 86' lang='lat' dir='ltr'><strong>,Nec</strong></span> <span class='ocrx_word' id='word_1_142' title='bbox 490 3577 570 3657; x_wconf 87' lang='lat' dir='ltr'><strong>toga</strong></span> <span class='ocrx_word' id='word_1_143' title='bbox 592 3592 655 3638; x_wconf 88' lang='lat' dir='ltr'><strong>nee</strong></span> <span class='ocrx_word' id='word_1_144' title='bbox 678 3572 773 3639; x_wconf 82' lang='lat' dir='ltr'><strong>focus</strong></span> <span class='ocrx_word' id='word_1_145' title='bbox 796 3579 846 3639; x_wconf 88' lang='lat' dir='ltr'><strong>est</strong></span> <span class='ocrx_word' id='word_1_146' title='bbox 869 3593 931 3639; x_wconf 86' lang='lat' dir='ltr'><strong>nee</strong></span> <span class='ocrx_word' id='word_1_147' title='bbox 955 3571 1056 3638; x_wconf 88' lang='lat' dir='ltr'><strong>tritus</strong></span> <span class='ocrx_word' id='word_1_148' title='bbox 1079 3570 1200 3637; x_wconf 86' lang='lat' dir='ltr'><strong>eimiee</strong></span> <span class='ocrx_word' id='word_1_149' title='bbox 1223 3569 1331 3637; x_wconf 84' lang='lat' dir='ltr'><strong>leatus</strong></span> 
     </span>
     <span class='ocr_line' id='line_1_27' title="bbox 416 3685 1291 3773; baseline -0.001 -22"><span class='ocrx_word' id='word_1_150' title='bbox 416 3687 488 3752; x_wconf 86' lang='lat' dir='ltr'><strong>Nee</strong></span> <span class='ocrx_word' id='word_1_151' title='bbox 511 3685 574 3752; x_wconf 93' lang='lat' dir='ltr'><strong>tibi</strong></span> <span class='ocrx_word' id='word_1_152' title='bbox 597 3687 639 3752; x_wconf 91' lang='lat' dir='ltr'><strong>de</strong></span> <span class='ocrx_word' id='word_1_153' title='bbox 662 3685 782 3753; x_wconf 88' lang='lat' dir='ltr'><strong>bibula</strong></span> <span class='ocrx_word' id='word_1_154' title='bbox 805 3691 895 3752; x_wconf 88' lang='lat' dir='ltr'><strong>sarta</strong></span> <span class='ocrx_word' id='word_1_155' title='bbox 913 3685 1039 3773; x_wconf 89' lang='lat' dir='ltr'><strong>palude</strong></span> <span class='ocrx_word' id='word_1_156' title='bbox 1063 3692 1166 3770; x_wconf 69' lang='lat' dir='ltr'><strong>tegea</strong></span> <span class='ocrx_word' id='word_1_157' title='bbox 1290 3727 1291 3730; x_wconf 58' lang='lat'><em>=</em></span> 
     </span>
     <span class='ocr_line' id='line_1_28' title="bbox 372 3798 1355 3889; baseline -0.003 -21"><span class='ocrx_word' id='word_1_158' title='bbox 372 3801 443 3868; x_wconf 87' lang='lat' dir='ltr'><strong>Nee</strong></span> <span class='ocrx_word' id='word_1_159' title='bbox 464 3822 550 3889; x_wconf 92' lang='lat' dir='ltr'><strong>puer</strong></span> <span class='ocrx_word' id='word_1_160' title='bbox 573 3805 633 3866; x_wconf 88' lang='lat' dir='ltr'><strong>aut</strong></span> <span class='ocrx_word' id='word_1_161' title='bbox 655 3801 776 3881; x_wconf 87' lang='lat' dir='ltr'><strong>senior,</strong></span> <span class='ocrx_word' id='word_1_162' title='bbox 801 3799 897 3866; x_wconf 91' lang='lat' dir='ltr'><strong>nulla</strong></span> <span class='ocrx_word' id='word_1_163' title='bbox 920 3806 970 3866; x_wconf 88' lang='lat' dir='ltr'><strong>est</strong></span> <span class='ocrx_word' id='word_1_164' title='bbox 993 3798 1119 3865; x_wconf 86' lang='lat' dir='ltr'><strong>aneilla</strong></span> <span class='ocrx_word' id='word_1_165' title='bbox 1143 3819 1206 3864; x_wconf 87' lang='lat' dir='ltr'><strong>nee</strong></span> <span class='ocrx_word' id='word_1_166' title='bbox 1229 3798 1355 3878; x_wconf 82' lang='lat' dir='ltr'><strong>insane,</strong></span> 
     </span>
     <span class='ocr_line' id='line_1_29' title="bbox 417 3910 1260 3999; baseline -0.006 -17"><span class='ocrx_word' id='word_1_167' title='bbox 417 3915 489 3982; x_wconf 87' lang='lat' dir='ltr'><strong>Nee</strong></span> <span class='ocrx_word' id='word_1_168' title='bbox 511 3937 586 3982; x_wconf 85' lang='lat' dir='ltr'><strong>sera</strong></span> <span class='ocrx_word' id='word_1_169' title='bbox 612 3935 675 3980; x_wconf 85' lang='lat' dir='ltr'><strong>nee</strong></span> <span class='ocrx_word' id='word_1_170' title='bbox 698 3913 804 3981; x_wconf 81' lang='lat' dir='ltr'><strong>clavis</strong></span> <span class='ocrx_word' id='word_1_171' title='bbox 827 3935 889 3980; x_wconf 88' lang='lat' dir='ltr'><strong>nee</strong></span> <span class='ocrx_word' id='word_1_172' title='bbox 913 3913 1007 3979; x_wconf 87' lang='lat' dir='ltr'><strong>eanis</strong></span> <span class='ocrx_word' id='word_1_173' title='bbox 1031 3919 1134 3999; x_wconf 88' lang='lat' dir='ltr'><strong>atque</strong></span> <span class='ocrx_word' id='word_1_174' title='bbox 1157 3910 1260 3978; x_wconf 81' lang='lat' dir='ltr'><strong>calix.</strong></span> 
     </span>
     <span class='ocr_line' id='line_1_30' title="bbox 372 4025 1247 4113; baseline -0.007 -17"><span class='ocrx_word' id='word_1_175' title='bbox 372 4031 426 4096; x_wconf 84' lang='lat' dir='ltr'><strong>&#39;Pu</strong></span> <span class='ocrx_word' id='word_1_176' title='bbox 449 4036 566 4096; x_wconf 89' lang='lat' dir='ltr'><strong>tamen</strong></span> <span class='ocrx_word' id='word_1_177' title='bbox 589 4028 737 4108; x_wconf 82' lang='lat' dir='ltr'><strong>affectae,</strong></span> <span class='ocrx_word' id='word_1_178' title='bbox 760 4028 892 4108; x_wconf 85' lang='lat' dir='ltr'><strong>Nestor,</strong></span> <span class='ocrx_word' id='word_1_179' title='bbox 916 4026 984 4093; x_wconf 87' lang='lat' dir='ltr'><strong>diei</strong></span> <span class='ocrx_word' id='word_1_180' title='bbox 1007 4033 1112 4113; x_wconf 88' lang='lat' dir='ltr'><strong>atque</strong></span> <span class='ocrx_word' id='word_1_181' title='bbox 1136 4025 1247 4092; x_wconf 90' lang='lat' dir='ltr'><strong>videri</strong></span> 
     </span>
     <span class='ocr_line' id='line_1_31' title="bbox 418 4137 1291 4230; baseline -0.003 -22"><span class='ocrx_word' id='word_1_182' title='bbox 418 4143 563 4229; x_wconf 85' lang='lat' dir='ltr'><strong>Pauper,</strong></span> <span class='ocrx_word' id='word_1_183' title='bbox 587 4149 621 4209; x_wconf 88' lang='lat' dir='ltr'><strong>et</strong></span> <span class='ocrx_word' id='word_1_184' title='bbox 643 4142 680 4208; x_wconf 89' lang='lat' dir='ltr'><strong>in</strong></span> <span class='ocrx_word' id='word_1_185' title='bbox 705 4140 832 4230; x_wconf 87' lang='lat' dir='ltr'><strong>populo</strong></span> <span class='ocrx_word' id='word_1_186' title='bbox 857 4141 992 4228; x_wconf 89' lang='lat' dir='ltr'><strong>quaeris</strong></span> <span class='ocrx_word' id='word_1_187' title='bbox 1015 4139 1141 4206; x_wconf 90' lang='lat' dir='ltr'><strong>habere</strong></span> <span class='ocrx_word' id='word_1_188' title='bbox 1165 4137 1291 4205; x_wconf 81' lang='lat' dir='ltr'><strong>lecum.</strong></span> 
     </span>
    </p>
   </div>
   <div class='ocr_carea' id='block_1_3' title="bbox 317 4337 1101 4489">
    <p class='ocr_par' dir='ltr' id='par_1_11' title="bbox 317 4337 1101 4489">
     <span class='ocr_line' id='line_1_32' title="bbox 320 4337 862 4401; baseline -0.015 -17"><span class='ocrx_word' id='word_1_189' title='bbox 320 4341 338 4401; x_wconf 87' lang='lat'><strong>1)</strong></span> <span class='ocrx_word' id='word_1_190' title='bbox 372 4339 408 4388; x_wconf 83' lang='lat' dir='ltr'><strong>Os.</strong></span> <span class='ocrx_word' id='word_1_191' title='bbox 427 4338 477 4388; x_wconf 82' lang='lat' dir='ltr'><strong>Cia.</strong></span> <span class='ocrx_word' id='word_1_192' title='bbox 495 4337 577 4387; x_wconf 76' lang='lat' dir='ltr'><strong>Parad.</strong></span> <span class='ocrx_word' id='word_1_193' title='bbox 596 4338 619 4396; x_wconf 84' lang='grc'><strong>6,</strong></span> <span class='ocrx_word' id='word_1_194' title='bbox 637 4338 676 4384; x_wconf 79' lang='lat'><strong>45.</strong></span> <span class='ocrx_word' id='word_1_195' title='bbox 861 4371 862 4376; x_wconf 74' lang='grc'>,</span> 
     </span>
     <span class='ocr_line' id='line_1_33' title="bbox 317 4419 1101 4489; baseline -0.009 -16"><span class='ocrx_word' id='word_1_196' title='bbox 317 4424 336 4489; x_wconf 82' lang='lat'><strong>²)</strong></span> <span class='ocrx_word' id='word_1_197' title='bbox 371 4423 407 4472; x_wconf 82' lang='lat' dir='ltr'><strong>cf.</strong></span> <span class='ocrx_word' id='word_1_198' title='bbox 425 4421 513 4472; x_wconf 76' lang='lat' dir='ltr'><strong>Friedl.</strong></span> <span class='ocrx_word' id='word_1_199' title='bbox 532 4421 557 4470; x_wconf 87' lang='lat' dir='ltr'><strong>iu</strong></span> <span class='ocrx_word' id='word_1_200' title='bbox 576 4419 694 4470; x_wconf 71' lang='lat' dir='ltr'><strong>Martialis</strong></span> <span class='ocrx_word' id='word_1_201' title='bbox 711 4419 823 4470; x_wconf 83' lang='lat' dir='ltr'><strong>editionis</strong></span> <span class='ocrx_word' id='word_1_202' title='bbox 840 4420 991 4486; x_wconf 74' lang='lat' dir='ltr'><strong>praefatione,</strong></span> <span class='ocrx_word' id='word_1_203' title='bbox 1008 4433 1060 4484; x_wconf 81' lang='lat' dir='ltr'><strong>pag.</strong></span> <span class='ocrx_word' id='word_1_204' title='bbox 1079 4420 1101 4467; x_wconf 80' lang='lat'><strong>5.</strong></span> 
     </span>
    </p>
   </div>
   <div class='ocr_carea' id='block_1_4' title="bbox 0 0 1553 5128">
    <p class='ocr_par' dir='ltr' id='par_1_12' title="bbox 0 0 1553 5128">
     <span class='ocr_line' id='line_1_34' title="bbox 0 0 1553 5128; baseline 0 0"><span class='ocrx_word' id='word_1_205' title='bbox 0 0 1553 5128; x_wconf 95' lang='lat' dir='ltr'><strong> </strong></span> 
     </span>
    </p>
   </div>
  </div>
 </body>
</html>
