3040 5134
604 647 667 712 145

56 823 165 891 celen's
186 824 391 892 incrementi
413 825 485 912 ipse
508 825 650 912 quidem
672 823 765 891 testis
784 825 860 908 fuit,
872 823 1013 892 rationis
1025 822 1116 889 illius
1126 823 1220 890 testis

56 958 118 1003 non
150 939 225 1019 fuit,
251 959 321 1025 qua
343 939 520 1024 Augustus
542 938 695 1006 Caesaris
720 938 857 1024 incepto
881 958 1050 1005 renovans
1074 957 1165 1002 anno
1188 957 1218 1002 a.

56 1071 85 1115 u.
117 1073 144 1117 c.
179 1052 244 1117 752
275 1052 539 1138 (a.Ohr.11.2)
566 1051 589 1137 ¹)
618 1051 864 1138 accipientium
888 1071 1073 1117 numerum
1096 1049 1140 1116 ad
1165 1050 1219 1117 00

56 1163 144 1229 milia
167 1165 314 1231 reduxit.
329 1163 354 1251 ²)
377 1165 432 1230 Ex
454 1164 522 1230 illis
544 1165 626 1231 locis
648 1165 754 1249 igitur
776 1185 838 1250 ego
863 1165 927 1231 hoc
943 1164 1075 1248 colligo,
1089 1169 1220 1250 postre-

58 1277 115 1342 mis
148 1284 226 1344 ante
251 1278 427 1344 Christum
450 1287 571 1344 natum
594 1278 768 1344 decenniis
791 1279 880 1344 inter
904 1298 971 1357 eos,
995 1277 1056 1364 qui
1078 1277 1151 1342 iure
1175 1299 1219 1342 an

57 1390 175 1456 iniuria
197 1391 441 1458 frumentariae
465 1391 655 1478 largitionis
679 1391 860 1478 participes
883 1397 1002 1471 essent,
1017 1396 1066 1456 tot
1082 1395 1220 1475 egentes

58 1504 162 1582 luisse,
187 1511 225 1570 ut
237 1504 432 1590 Dionysiae,
446 1504 661 1584 Plutarchus,
675 1505 749 1585 Dio,
763 1504 885 1570 Graeci
900 1503 1066 1585 homines,
1080 1524 1220 1570 omnem

60 1616 315 1684 frumentariam
339 1617 475 1705 plebem
498 1619 643 1705 inopum
667 1625 805 1703 (ἀπόρων)
829 1616 1058 1705 appellatione
1082 1622 1222 1684 notave-

56 1729 128 1796 rint.

95 1844 121 1909 b.
167 1844 297 1910 Horam
323 1845 532 1930 largitionum
554 1847 638 1911 ratio
662 1867 697 1911 ao
719 1853 847 1910 notare.
894 1843 1096 1911 Cavendum
1114 1848 1219 1910 estne

57 1957 194 2023 rationes
227 1958 453 2044 institutaque
481 1965 675 2025 nostrorum
699 1966 896 2045 temporum
919 1958 957 2023 in
982 1958 1220 2024 Romanorum

58 2091 184 2156 quoque
208 2078 355 2137 aetatem
378 2091 416 2138 ao
441 2093 551 2140 mores
574 2072 693 2139 cadere
718 2079 888 2159 putemus.
934 2071 1035 2151 Quod
1048 2071 1218 2137 nescioan

58 2183 102 2249 illi
123 2185 246 2251 faciant
270 2186 339 2272 qui,
365 2193 403 2251 ut
425 2186 629 2252 confirment
651 2186 826 2267 Romanis
840 2207 920 2252 cum
933 2185 1145 2250 frumentum
1159 2206 1220 2271 pu-

62 2294 140 2363 blice
172 2298 426 2380 distribuerent,
462 2300 638 2383 egentium
670 2299 844 2386 quandam
867 2320 986 2365 curam
1010 2299 1218 2385 propositam

63 2410 163 2490 luisse,
186 2411 366 2480 interulis
389 2419 423 2478 et
445 2420 604 2479 naturam
630 2414 678 2479 rei
701 2414 856 2480 afferant.
885 2413 981 2478 Haeo
994 2412 1068 2493 tria,
1083 2433 1218 2499 quaese,

64 2528 165 2590 tecum
198 2526 400 2592 consideres.
434 2528 492 2594 1⁰.
527 2527 770 2593 Flammininus
795 2528 871 2612 lepos
893 2527 1093 2613 expertium
1115 2528 1219 2592 alodio

63 2645 137 2704 ortae
167 2661 234 2706 aare.
259 2639 286 2725 8)
332 2639 561 2726 Aliquantum
596 2639 758 2708 valebant
791 2640 834 2706 ad
870 2661 990 2706 auram
1015 2639 1217 2727 popularem

63 2753 256 2837 captandam
269 2774 277 2832 ;
314 2774 419 2839 quare
450 2752 588 2819 illorum
612 2761 700 2820 certe
725 2753 821 2819 nulla
843 2753 928 2820 ratio
952 2759 1024 2819 erat
1047 2752 1215 2833 habenda,

64 2864 184 2948 quibua,
231 2866 369 2933 civitate
404 2867 606 2949 carentibus,
641 2867 679 2932 in
710 2867 855 2933 comitiis
890 2867 1092 2952 suffragium
1128 2866 1214 2932 ferre

65 2999 124 3043 non
144 2979 281 3046 liceret„
316 2981 361 3046 2⁰.
385 2981 434 3046 Ne
452 2992 525 3066 post
548 2980 708 3047 Odoacrem
731 2981 859 3067 quidem
881 2980 1221 3065 etAuyustamullom

65 3094 205 3160 rationem
252 3094 395 3159 habitum
428 3116 487 3160 ease
521 3095 700 3160 montotto.
736 3096 762 3179 ⁴)
808 3094 855 3159 At
894 3115 974 3161 vero
1008 3095 1045 3159 in
1080 3093 1121 3159 iis
1157 3093 1216 3180 qui

67 3207 370 3273 sustentandi
396 3207 464 3272 sint
487 3208 665 3273 honestam
690 3208 797 3274 vitam
821 3207 974 3294 primum
997 3228 1067 3273 esse
1094 3207 1220 3273 dixeris

68 3319 146 3402 quod
178 3321 266 3386 iusto
297 3321 370 3387 iure
406 3319 607 3407 postuletur.
654 3321 700 3387 3⁰.
738 3320 824 3400 Quid
845 3319 988 3386 Romani
1014 3321 1164 3387 sentiratt
1186 3321 1222 3386 de

67 3431 184 3498 uttan.
233 3433 402 3513 „Civitas”
439 3433 490 3519 (dc
522 3436 621 3516 olunt)
656 3433 821 3500 Romanis
856 3455 925 3499 non
960 3440 1032 3500 erat
1055 3433 1220 3519 quiddam

67 3541 272 3633 incorporale,
298 3547 389 3632 quod
413 3547 610 3632 cogitationi
634 3553 779 3628 tantum,
805 3568 873 3612 non
898 3548 1021 3627 sensui,
1044 3553 1130 3612 esset
1145 3545 1222 3612 sub-

65 3655 188 3726 iectum.
234 3659 276 3725 In
301 3659 428 3746 populo
452 3660 563 3726 omnis
586 3682 666 3747 pars
689 3660 837 3727 civitatis
849 3659 1096 3727 continebatur.
1120 3659 1221 3737 Quod

70 3795 249 3808 *—

98 3861 112 3917 'l
143 3863 224 3911 Annus
243 3879 291 3911 non
309 3878 404 3926 prorsus
422 3866 519 3912 constat.
553 3863 613 3912 Vide
631 3864 742 3912 Momms.
761 3864 811 3912 R.G
821 3862 893 3911 D.A.¹
910 3878 960 3926 pag.
980 3860 1018 3909 60.

96 3940 113 3998 ἦ
143 3944 177 3993 cl.
195 3962 247 4010 pag.
267 3945 322 3993 135.
358 3945 467 3994 Ceterum
486 3946 537 4009 ipse
554 3947 687 4011 Dionysius
703 3948 804 4010 graviter
821 3949 900 3995 monet
917 3943 967 4004 (IV,
985 3945 1024 4002 24,
1044 3944 1066 4002 7,
1085 3945 1116 4004 8),
1134 3959 1164 3991 ue
1181 3943 1221 3992 ho·

71 4023 132 4073 mines
147 4027 213 4078 nulla
229 4045 254 4077 re
271 4029 332 4077 bona
349 4029 415 4092 digni
434 4032 519 4078 temere
536 4029 563 4078 iu
580 4031 699 4079 civitatem
717 4029 867 4078 asciscuntur.

96 4105 113 4166 ³)
143 4109 176 4158 (ll.
194 4128 244 4176 pag.
264 4111 312 4160 130
330 4127 377 4175 seq.

96 4189 112 4249 ⁴)
142 4191 215 4244 Seaoc.
234 4195 269 4243 De
286 4195 366 4244 Benel.
384 4194 426 4250 IV,
445 4195 484 4253 28,
503 4196 534 4244 2:
552 4195 724 4254 „Frumentum
742 4194 867 4259 publicum
884 4199 934 4243 tam
952 4195 991 4242 fur
1003 4209 1073 4257 quarn
1083 4192 1222 4258 periurusct-

71 4270 148 4322 tdnlter
170 4277 288 4341 accipiunt
312 4282 335 4326 et
360 4278 411 4326 sine
439 4277 530 4326 delectu
556 4294 649 4326 morum
675 4277 782 4342 quisquis
799 4277 889 4324 incisus
906 4281 947 4325 est.
965 4276 1079 4340 quicquid
1096 4274 1162 4324 alind
1179 4279 1220 4330 est,

71 4355 122 4414 quod
136 4362 249 4424 tamquam
267 4360 322 4417 civi,
342 4377 390 4409 non
406 4364 526 4424 tamquam
544 4361 605 4410 bono
622 4361 697 4417 datur,
715 4375 742 4408 ex
759 4374 832 4423 aequo
849 4357 905 4407 boni
921 4375 948 4408 ac
965 4358 1022 4408 mali
1039 4359 1142 4407 lerunt.’'
