3084 5128
844 610 909 674 286

386 792 533 875 „Fabius
572 791 607 857 in
654 790 822 856 honorem
869 786 999 874 patriae
1034 785 1272 873 paupertatem
1307 781 1430 869 inopia

342 904 525 973 mutauit.'’

345 1133 376 1199 d.
421 1152 612 1200 narramus,

339 1247 439 1327 Quod
469 1247 590 1313 attinet
624 1243 669 1310 ad
703 1242 920 1310 vocabulum
955 1262 1078 1328 parum
1101 1239 1277 1319 usitatum,
1303 1237 1399 1324 quod
1424 1241 1472 1303 est

295 1361 464 1440 mendicas,
489 1359 584 1443 origo
608 1358 680 1424 eius
703 1356 802 1423 nobis
829 1376 899 1421 non
924 1354 1074 1420 multum
1097 1351 1235 1441 prodest
1246 1352 1288 1418 ad
1302 1350 1473 1437 signifiea-

295 1474 425 1539 tionem
452 1471 713 1538 enucleandam.
737 1468 762 1550 ¹)
787 1461 945 1538 Vanieek
973 1467 998 1555 ²)
1023 1467 1172 1534 aradiee
1192 1467 1326 1548 tatami,
1341 1466 1471 1551 (Germ.

295 1584 456 1672 minden)
492 1584 723 1650 derivandum
746 1604 822 1650 esse
848 1584 956 1650 docet.
1002 1581 1104 1662 Quod
1126 1603 1207 1650 vero
1231 1579 1275 1646 ad
1298 1601 1404 1673 usum
1427 1584 1473 1644 at-

296 1698 391 1780 tinet,
428 1698 607 1764 mendicus
635 1704 686 1764 est
708 1698 746 1776 is,
771 1697 832 1784 qui
856 1696 900 1762 ad
923 1717 1101 1762 summam
1124 1694 1277 1782 inopiam
1302 1693 1471 1773 redactua

297 1812 387 1878 cirea
421 1811 540 1878 domos
575 1817 609 1878 et
643 1811 716 1878 vias
751 1811 877 1897 stipem
913 1808 1043 1876 orando
1068 1829 1231 1895 quaerere
1255 1813 1396 1874 coaetus
1420 1806 1471 1874 sit.

297 1927 374 1992 Hoc
401 1926 429 1991 si
452 1931 618 2006 tenemus,
643 1907 780 1991 mendici
804 1924 879 1990 voci
903 1924 1011 1990 etiam
1035 1922 1200 1988 maiorem
1224 1921 1297 1989 vim
1320 1919 1474 1988 tribuen-

298 2040 379 2105 dam
411 2061 480 2105 esse
517 2044 611 2125 patet
651 2060 756 2124 quam
779 2039 906 2123 epeatt'a
951 2037 1068 2102 Pauca
1086 2033 1246 2123 exempla
1269 2041 1472 2121 sequuntur.

345 2152 415 2219 010.
439 2153 562 2219 Parad.
588 2156 618 2233 e,
644 2153 686 2218 45
711 2153 781 2218 iam
805 2151 913 2217 attuli
937 2172 1014 2238 pag.
1039 2151 1114 2216 282.

276 2253 278 2258 ’
345 2265 444 2332 Catil.
468 2265 528 2347 IV,
553 2267 584 2346 5,
612 2266 674 2332 1οτ

394 2379 461 2460 „Ut
484 2380 596 2445 o'mnis
619 2379 727 2444 animi
750 2379 920 2445 eruciatus
943 2384 977 2444 et
999 2378 1150 2465 eorporis
1173 2377 1279 2443 etiam
1298 2383 1431 2462 egestas
1483 2425 1487 2429 -

347 2514 386 2559 ac
410 2493 612 2559 mendicitas
633 2491 894 2579 consequatur.’'

347 2606 417 2672 (ria
440 2606 491 2672 De
515 2606 592 2671 Fin.
616 2606 659 2684 V,
684 2607 737 2688 28,
762 2607 826 2672 84:

287 2699 289 2706 Α
395 2720 602 2807 „Paupertas
625 2719 653 2785 si
676 2719 808 2785 malum
831 2724 890 2800 est,
916 2718 1094 2785 mendicus
1109 2739 1179 2784 esse
1192 2717 1313 2784 beatus
1326 2739 1429 2784 nemo

347 2833 490 2921 petest.”

303 2947 354 3013 Ite
378 2947 443 3013 hoa
467 2947 589 3014 ultimo
612 2948 687 3014 loeo
711 2947 904 3013 notandum
927 2952 977 3013 est
992 2946 1168 3027 vocabulo,
1183 2946 1276 3033 quod
1290 2947 1474 3013 estmendt·

303 3083 365 3141 aaa,
392 3083 522 3142 vocem,
548 3083 635 3148 quae
659 3067 709 3128 est
728 3069 911 3147 paupertas,
925 3060 1179 3144 angustioribus
1192 3059 1319 3126 finibus
1331 3060 1472 3127 includi.

303 3173 414 3239 Simul
450 3195 530 3240 vero
565 3174 776 3240 corroborari
811 3181 961 3260 apparet,
1000 3174 1028 3238 si
1067 3195 1145 3266 aum
1167 3195 1208 3239 ea
1231 3195 1474 3260 comparamus

304 3307 392 3372 quae
416 3294 627 3373 sequuntur:
654 3287 797 3368 „Dolere
821 3287 954 3353 malum
978 3294 1046 3369 est;
1072 3288 1110 3352 in
1122 3308 1260 3354 crucem
1273 3288 1334 3374 qui
1349 3289 1471 3374 agitur,

304 3397 424 3464 beatus
458 3420 527 3465 esse
563 3421 632 3465 non
667 3401 809 3486 petest.”
856 3402 898 3466 In
930 3401 984 3466 his
1007 3400 1121 3468 verbis
1144 3400 1227 3466 item
1254 3401 1311 3481 „in
1335 3422 1472 3467 erucem

304 3512 380 3597 agi''
416 3512 526 3598 magis
557 3519 748 3580 coartatum
772 3523 831 3597 est,
857 3515 1016 3602 quamvis
1039 3521 1073 3581 et
1097 3515 1336 3581 vehementius
1368 3535 1472 3602 quam

305 3625 471 3709 „dolere”

345 3878 370 3921 e.
416 3875 551 3924 renum.

350 3969 467 4036 Tanais
499 3969 649 4056 denique
688 3969 896 4037 vocabulum
932 3975 991 4048 est,
1020 3969 1113 4056 quod
1136 3968 1299 4035 latissime
1324 3974 1418 4056 patet
1437 3973 1471 4032 et

287 4222 290 4226 .
335 4167 354 4225 ¹)
389 4164 488 4213 Nullius
518 4166 588 4229 pretti
614 4169 648 4214 est
666 4166 725 4215 ratio
744 4165 855 4216 Varronis
875 4167 902 4217 L.
919 4166 946 4216 L.
964 4165 993 4224 V,
1012 4166 1051 4225 17,
1070 4165 1118 4216 92:
1138 4165 1279 4231 „Mendieus
1296 4182 1310 4214 a
1327 4167 1415 4224 minua,
1431 4163 1468 4212 oui

300 4263 369 4311 quam
388 4264 448 4311 opus
465 4252 499 4296 eet
516 4249 596 4297 minus
616 4249 707 4313 [nullo]
725 4249 784 4299 est.’'
1406 4245 1413 4253 -

333 4331 352 4394 2)
387 4349 408 4382 0.
426 4332 443 4381 1.
