3040 5134
596 605 660 670 119

43 780 209 869 quicquid·
231 780 371 866 ingenui
393 781 430 846 in
454 781 577 848 animis
599 782 743 848 insitum
766 781 942 848 habebant
964 801 1102 868 prorsus
1132 803 1214 848 cum

42 893 97 959 illa
130 893 352 980 congruebat,
388 895 641 961 faeneratorum
674 896 808 962 astutiis
843 918 949 983 quam
982 895 1095 981 impar
1126 901 1213 962 esset

43 1030 120 1073 mox
142 1008 313 1095 apparuit.
358 1008 458 1074 Patet
485 1009 589 1094 igitur
612 1009 721 1076 Taciti
743 1031 904 1076 versuram
921 1009 1025 1095 fecere
1048 1009 1113 1075 hoo
1136 1008 1211 1076 loeo

43 1121 123 1186 nihil
148 1121 243 1188 aliud
266 1143 335 1187 esse
360 1144 465 1208 quam
488 1130 636 1188 mirream
655 1123 826 1209 peculatam
848 1145 977 1189 camere.
1004 1119 1029 1208 ¹)

83 1235 173 1301 Luce
196 1234 321 1301 clarius
343 1242 393 1302 est
414 1236 504 1301 hanc
529 1234 641 1320 legem
664 1257 684 1300 a
707 1235 932 1322 popularibus
953 1233 1121 1321 perlatam
1140 1235 1211 1300 iam

44 1349 215 1414 evanuisse
239 1355 427 1436 antequam
450 1356 524 1414 rata
547 1370 617 1415 esse
640 1349 800 1435 coeperit.
817 1349 844 1435 8)
867 1349 1057 1415 Pecuniam
1068 1348 1205 1414 faenore

45 1466 75 1526 et
96 1461 174 1528 dare
197 1468 231 1528 et
254 1463 406 1549 accipere
430 1463 579 1528 Romani
602 1463 802 1549 pergebant.
826 1463 878 1528 Ne
892 1462 1054 1549 iniquum
1067 1462 1209 1548 quidem

45 1575 158 1641 faenus
190 1597 347 1641 exercere
387 1577 615 1642 faeneratores
638 1577 819 1642 efficaciter
842 1575 1017 1662 prohiberi
1040 1581 1209 1661 poterant.

44 1689 82 1754 ln
105 1689 168 1755 hac
191 1711 226 1754 re
250 1687 388 1754 senatus
410 1689 605 1755 consultum
629 1690 712 1754 anni
736 1710 816 1754 au.
837 1710 865 1754 c.
878 1688 943 1754 703
956 1689 999 1776 (a.
1013 1688 1093 1755 Chr.
1106 1712 1140 1755 n.
1153 1689 1211 1777 51)

46 1802 134 1868 nullo
166 1802 269 1868 modo
305 1803 417 1868 omitti
450 1802 538 1884 licet,
573 1809 631 1883 „ut
651 1803 856 1868 centesimae
880 1807 1044 1888 perpetuo
1068 1801 1206 1869 faenore

46 1915 275 1982 ducerentur''.
300 1913 326 2003 8)
373 1916 461 1982 Satis
483 1917 617 2002 copiose
640 1916 780 1982 Billeter
804 1915 902 1981 docet
924 1915 951 2002 ⁴)
973 1915 1010 1981 in
1027 1915 1080 1980 his
1100 1915 1210 1982 verbis

46 2029 146 2096 inesse
169 2031 254 2096 duas
278 2051 330 2096 res
345 2051 352 2094 :
380 2052 400 2096 o
425 2035 483 2110 „ut
505 2030 710 2096 centesimae
725 2022 951 2095 ducerentur''
965 2051 973 2109 ;
988 2029 1005 2094 b
1020 2034 1077 2108 „ut
1090 2050 1207 2115 perpe-

46 2148 139 2208 tuum
160 2144 281 2209 faenus
304 2143 517 2224 duceretur”,
544 2144 636 2230 quod
655 2144 748 2209 idem
760 2143 803 2208 sit
815 2147 917 2229 atque
933 2147 991 2222 „ut
1003 2141 1207 2208 centesimae

47 2255 300 2323 observarentur
323 2257 395 2322 sine
420 2257 631 2322 anatocismo
656 2257 726 2324 sive
739 2256 904 2343 perpetuo
916 2256 1053 2321 faenore
1068 2255 1203 2323 duct0.’'

48 2368 226 2436 Omtactraor
247 2375 365 2437 autem
388 2370 444 2436 hic
468 2369 742 2456 interpretandas
765 2391 835 2436 esse
854 2390 967 2435 aauraa
978 2369 1129 2456 nequead
1142 2391 1208 2435 cea-

49 2484 170 2564 tertmos,
196 2484 219 2570 5)
242 2483 388 2570 ideoque
401 2465 703 2549 senatusconsulto
720 2488 861 2549 cautum
873 2481 974 2547 fuisse
987 2504 1030 2548 ne
1047 2481 1084 2547 in
1096 2483 1209 2549 usuris

48 2586 240 2681 stipulandis
262 2597 465 2663 centesimas
488 2595 605 2683 (12⁰10)
626 2595 652 2683 6)
665 2597 888 2675 excederent3
903 2595 1082 2682 postremis
1097 2595 1210 2663 verbis

49 2711 296 2777 renovationem
330 2710 545 2795 singulorum
580 2701 751 2776 annorum
787 2709 858 2775 sive
882 2707 1134 2775 anatocismum
1158 2709 1209 2774 fu·

49 2821 105 2887 isse
126 2825 277 2890 vetitam.
301 2823 378 2890 Hoc
401 2830 538 2890 senatus
561 2823 757 2890 consultum
776 2821 955 2888 cuiusdam
968 2821 1135 2888 momenti
1148 2826 1208 2888 est.

80 3002 96 3060 ¹)
125 3004 260 3052 locrrtionia
286 3004 320 3052 aio
346 3007 470 3067 usurpatae
496 3002 597 3052 Billeter
618 3004 683 3052 varia
700 3002 808 3065 exempla
825 3000 929 3051 contulit
946 3004 983 3062 (ut
1000 3001 1050 3050 Cic.
1068 3000 1115 3049 Pro
1132 2999 1208 3051 Illaec.

50 3086 86 3143 20,
101 3088 146 3146 48).
175 3087 300 3136 Versum
317 3103 361 3135 vox
378 3086 448 3135 habet
466 3085 509 3134 illa
526 3086 622 3151 quidem
640 3086 714 3135 etiam
722 3085 883 3150 antiquiorem
893 3083 1050 3133 intellectum.
1074 3083 1210 3149 Utrumque

51 3172 70 3215 et
92 3170 245 3234 antiquiorem
274 3173 298 3218 at
323 3169 477 3218 recentiorem
504 3170 573 3218 docet
598 3169 689 3217 Paulus
706 3168 834 3224 Diaconua,
851 3167 921 3216 cuius
938 3166 1008 3216 verba
1024 3183 1096 3232 supra
1112 3166 1209 3217 laudavi

50 3255 104 3315 (pag.
121 3254 150 3302 39
167 3254 220 3302 adn.
240 3253 274 3312 3).
307 3252 440 3317 Schwegler
466 3253 503 3313 (R.
522 3252 550 3300 G.
569 3252 593 3300 ll
611 3268 663 3316 pag.
681 3251 739 3302 2151
756 3255 842 3309 autam
859 3250 910 3307 alii,
929 3250 1008 3300 Ritter
1024 3250 1063 3310 (ad
1079 3250 1133 3299 Tac.
1145 3253 1209 3300 Aun.

52 3334 86 3392 Vl,
111 3336 139 3383 16
165 3337 260 3397 (lasa)
288 3335 362 3384 secuti
389 3351 509 3384 versuram
529 3336 617 3399 facere
634 3334 746 3383 hocloco
764 3335 1081 3398 interpretanturtauquam
1097 3348 1210 3384 narrare

46 3418 128 3478 saeuus
143 3419 167 3467 ia
184 3420 292 3482 cinquloa
308 3433 391 3467 aanor.
426 3419 494 3467 Hanc
511 3423 590 3466 tamen
608 3433 657 3466 case
673 3419 752 3466 fictam
770 3417 901 3475 notionem,
917 3432 988 3481 quam
997 3417 1091 3480 primus
1099 3415 1209 3466 Niebuhr

51 3499 163 3551 subiecisse
187 3502 304 3560 videatur,
330 3502 434 3550 ostendit
461 3501 566 3550 Billeter.
601 3501 636 3549 De
661 3515 772 3548 onsurae
797 3500 971 3563 significatione
996 3502 1089 3562 praeter
1107 3498 1210 3549 Billeter

52 3580 74 3640 (1.
90 3581 106 3631 l.
121 3600 163 3648 pag
188 3585 235 3636 137
254 3587 328 3648 seqq.)
344 3585 374 3633 cf.
394 3583 503 3632 Daremb.
521 3587 544 3632 ct
562 3582 624 3647 Sagl.
643 3582 660 3631 1.
678 3583 688 3630 l
706 3602 712 3639 ;
730 3582 807 3647 Marq.
827 3582 871 3632 1.1
897 3598 948 3646 pag.
968 3582 1008 3630 63.

81 3664 98 3722 ²)
128 3668 154 3716 lu
180 3669 223 3717 hoc
248 3684 329 3716 omnes
355 3668 515 3726 consentiunt,
541 3667 583 3731 qui
609 3667 706 3731 quidem
727 3666 887 3729 usurasexigi
904 3681 1001 3728 prorsus
1018 3665 1120 3714 ratitum
1137 3664 1209 3714 inissa

53 3753 146 3797 sumunt.
164 3751 200 3800 Cf.
218 3752 332 3800 Momms.
351 3751 379 3799 R.
398 3751 426 3799 G.
445 3751 469 3799 1⁸
486 3767 537 3814 pag.
557 3750 621 3805 3023
641 3749 722 3798 Billet.
739 3749 756 3797 1.
774 3748 792 3798 l.
810 3765 861 3812 pag.
884 3748 931 3796 153
948 3763 1003 3796 cum
1021 3747 1074 3796 adn.
1093 3746 1116 3795 2.

82 3829 99 3886 1)
129 3833 175 3882 Cic.
203 3834 239 3883 Ad
264 3835 316 3883 ltt.
343 3835 371 3893 V,
398 3833 438 3892 21,
467 3834 506 3882 1³.
543 3835 576 3882 lle
602 3849 664 3881 anno
688 3832 759 3881 huius
777 3829 990 3880 senatusconsulti
1007 3830 1037 3878 cl.
1054 3828 1137 3878 Billat.
1155 3829 1172 3879 1.
1191 3830 1208 3880 1.

55 3928 99 3976 pag.
117 3915 160 3966 110
179 3918 233 3966 adn.
252 3917 275 3966 1.

83 3997 100 4055 ⁴)
129 3999 144 4047 1.
161 4000 178 4049 1.
195 3999 314 4065 pugili
334 4016 382 4064 aeq.
401 4000 473 4063 Apud
488 4000 588 4048 cundem
605 3999 677 4047 huius
696 3998 741 4047 loci
751 3997 855 4047 difficilia
863 3997 918 4045 vide
926 3995 985 4044 alias
993 3994 1208 4059 interpretationes.

84 4080 100 4139 ⁵)
132 4083 207 4134 liuius
224 4101 281 4133 usus
298 4084 400 4132 alterum
418 4083 552 4147 exemplum
571 4083 624 4131 vide
642 4098 720 4146 supra.
738 4097 790 4145 pag.
810 4080 856 4128 113
875 4079 928 4127 adn.
947 4079 970 4127 3.

84 4163 101 4220 ε)
130 4166 205 4216 Sullae
222 4169 270 4216 tera
288 4166 435 4232 temporibus
454 4181 577 4214 usurarum
595 4166 655 4214 ratio
672 4168 763 4213 mutata
779 4167 836 4212 crat.
870 4162 906 4210 Ex
924 4178 989 4210 more
1006 4161 1148 4211 Graecorum
1161 4162 1208 4212 iam

59 4244 148 4308 arculis
179 4251 293 4300 mentitur
326 4250 471 4315 pendebatur
493 4265 548 4313 para
573 4249 644 4297 sortis
669 4247 803 4304 centesima,
828 4245 871 4308 qui
893 4260 978 4294 usurae
1004 4245 1088 4294 modus
1113 4248 1210 4294 vocatur

58 4332 179 4383 oeutoimac
194 4334 287 4402 (12010).
